2061 3337
0 695 4 731 ’ἡ
0 651 2 655 ’
0 630 1 636 ⁴
0 570 3 589 -·
0 0 11 553 ““”-”----”---,--

914 131 1197 170 „41-

164 258 308 288 corum
338 244 479 297 magis
501 246 711 286 terrestre
733 254 860 294 quam
893 240 1160 282 maritimum
1197 238 1497 281 commercium
1529 238 1753 291 agentium
1785 237 1828 290 ii,
1861 236 1936 289 qui

164 313 284 356 intra
301 317 346 354 et
363 316 490 354 extra
507 312 849 363 Peloponnesum
868 309 1143 360 habitabant,
1165 320 1244 360 per
1266 306 1587 349 Corinthiorum
1607 305 1715 347 fines
1734 317 1936 347 commer-

165 382 277 424 cium
307 380 547 423 facerent“.
606 378 777 421 Deinde
809 377 944 429 Steup
976 377 1115 418 verba
1144 375 1220 423 τὰς
1251 381 1352 423 ναῦς
1381 375 1634 429 κτησάμενοι
1665 371 1714 414 τὸ
1746 371 1942 426 λῃστικὸν

163 449 385 503 καθῄρουν
417 447 596 499 delevit,
628 459 720 488 cum
753 446 890 488 verba
932 443 1242 487 antecedentia
1279 441 1439 494 μᾶλλον
1480 439 1676 495 ἕπλῳζον
1717 443 1769 484 de
1807 441 1935 483 initio

164 516 465 569 navigationis
489 515 608 557 dicta
631 516 682 556 de
705 515 856 556 eadem
879 516 1028 556 aetate
1047 514 1244 564 agerent,
1276 523 1389 562 quae
1412 510 1561 552 verbis
1585 510 1743 562 capitis
1766 510 1889 562 VIII,
1910 510 1935 550 2

165 584 445 638 πλοϊμώτερα
476 583 639 637 ἐγένετο
672 581 923 635 significata
953 584 1083 632 esset,
1114 581 1253 622 verba
1279 578 1355 626 τὰς
1386 585 1486 626 ναῦς
1516 579 1769 633 κτησάμενοι
1792 582 1937 619 autem

166 654 218 695 de
250 664 410 705 magna
437 650 757 694 Corinthiorum
788 651 927 692 classe
960 649 1106 700 capite
1138 647 1253 689 XIII
1284 650 1492 699 tractata,
1525 658 1637 697 quae
1669 647 1806 688 multo
1837 650 1938 697 post

163 721 272 762 illud
306 719 607 772 navigationis
638 719 813 760 initium
847 717 1084 768 exstiterit,
1116 716 1415 768 intellegenda
1447 719 1595 757 essent
1627 726 1768 766 neque
1799 714 1941 765 igitur

165 801 278 841 quae
311 790 363 830 de
396 787 583 830 diversis
606 791 791 839 agerent
822 785 1046 828 aetatibus
1077 785 1215 826 verba
1246 782 1408 835 μᾶλλον
1430 780 1626 836 ἕπλῳζον
1658 787 1702 824 et
1732 781 1808 830 τὰς
1839 788 1939 830 ναῦς

164 857 416 911 κτησάμενοι
437 855 484 896 τὸ
507 853 705 909 λῃστικὸν
725 854 948 907 καθῄρουν
965 854 1116 895 eadem
1135 852 1360 894 sententia
1382 852 1614 893 coniuncta
1638 863 1732 893 esse
1749 855 1940 902 possent.

165 925 249 968 Sed
280 924 391 967 falso
424 924 560 976 Steup
592 923 913 975 interpretatus
946 926 1033 964 est:
1067 933 1166 962 nam
1198 921 1338 962 verba
1368 918 1530 972 μᾶλλον
1561 917 1757 972 ἕπλῳζον
1788 919 1937 960 nonin

171 997 305 1045 caput
335 992 444 1034 VIII
474 992 706 1034 referenda
737 993 850 1043 sunt,
883 991 960 1033 sed
981 989 1093 1031 idem
1119 988 1227 1030 dicit
1254 993 1407 1030 auctor
1437 988 1505 1029 his
1527 987 1684 1038 verbis,
1717 988 1829 1038 quod
1852 986 1939 1028 iam

169 1061 318 1104 verbis
351 1061 511 1113 capitis
542 1060 667 1110 XIII,
701 1061 722 1101 1
755 1065 830 1114 τῆς
869 1059 1094 1112 θαλάσσης
1133 1056 1296 1108 μᾶλλον
1338 1055 1577 1107 ἀντείχοντο
1621 1055 1754 1102 dixit:
1797 1066 1940 1106 neque

169 1129 308 1182 igitur
338 1130 390 1170 de
414 1128 603 1171 diversis
634 1127 857 1169 aetatibus
890 1126 1050 1180 agitur.
1110 1126 1170 1167 Et
1213 1126 1324 1177 quod
1357 1125 1492 1177 Steup
1534 1124 1715 1167 offendit
1757 1125 1939 1165 eandem

170 1209 260 1239 rem
291 1197 447 1240 iisdem
479 1196 628 1238 verbis
659 1197 738 1238 hoc
767 1197 859 1237 loco
892 1197 944 1237 de
976 1193 1214 1237 Corinthiis
1247 1194 1346 1248 dici,
1377 1205 1490 1246 quae
1522 1193 1667 1245 capite
1698 1192 1761 1233 IV
1793 1191 1940 1234 verbis

168 1263 216 1306 τὸ
247 1264 438 1320 λῃστικόν
469 1265 656 1318 καθῄρει
688 1265 740 1306 de
768 1264 914 1306 Minoe
947 1263 1067 1305 dicta
1100 1267 1207 1316 erat,
1249 1274 1388 1313 neque
1422 1262 1664 1303 mirandum
1707 1264 1785 1311 est,
1827 1260 1942 1311 quod

170 1345 279 1386 quae
311 1333 452 1375 Minos
484 1345 562 1386 per
593 1332 661 1374 sui
704 1332 940 1384 pote-statis
981 1343 1101 1373 mare
1141 1331 1297 1372 fecerit
1340 1331 1490 1372 eadem
1533 1329 1748 1371 Corinthii
1791 1327 1940 1370 multis

170 1402 298 1444 annis
340 1405 439 1454 post
485 1401 762 1453 perfecerint,
806 1412 947 1452 neque
989 1401 1077 1441 ullo
1118 1400 1239 1441 modo
1281 1403 1434 1440 auctor
1479 1398 1822 1450 vituperandus,
1865 1397 1941 1438 sed

168 1469 316 1523 potius
347 1470 594 1512 laudandus
618 1474 697 1522 est,
728 1470 841 1521 quod
862 1470 1042 1510 eandem
1066 1468 1310 1520 piratarum
1344 1467 1616 1508 exactionem
1648 1466 1786 1507 variis
1819 1468 1941 1506 aeta-

170 1538 288 1580 tibus
320 1538 458 1580 variis
491 1551 513 1579 e
543 1537 650 1580 locis
682 1550 708 1579 a
739 1537 877 1579 Variis
909 1536 1080 1589 populis
1102 1536 1265 1577 factam
1296 1535 1450 1576 iisdem
1472 1534 1621 1576 verbis
1644 1533 1940 1585 descripserit.

169 1611 220 1650 ut
251 1607 582 1649 similitudinem
614 1619 757 1648 rerum
790 1617 1110 1658 cognoscamus.

287 1676 421 1718 Porro
452 1675 732 1729 Thucydides
763 1674 913 1716 Ionum
946 1673 1192 1727 Polycratis
1223 1673 1516 1714 Phocaeorum
1539 1672 1564 1723 ¹)
1597 1672 1761 1714 classes
1793 1674 1837 1712 et
1870 1682 1939 1711 res

169 1743 416 1785 maritimas
449 1744 503 1785 ab
536 1743 591 1785 iis
623 1747 773 1796 gestas
816 1745 1130 1784 commemorat.
1201 1741 1336 1782 Recte
1368 1740 1547 1782 Classen
1591 1753 1711 1782 suam
1754 1738 1939 1790 priorem

170 1811 448 1864 sententiam,
481 1824 567 1863 qua
600 1812 736 1853 verba
759 1809 1034 1851 δυνατώτατα
1055 1809 1134 1863 γὰρ
1167 1815 1302 1849 ταῦτα
1322 1815 1406 1848 τῶν
1433 1814 1636 1848 ναυτικῶν
1659 1803 1703 1860 ἧν
1724 1808 1939 1860 glossema

170 1891 265 1922 esse
297 1880 487 1933 dixerat,
519 1880 726 1921 deseruit.
795 1879 856 1920 Et
886 1882 1007 1920 recte
1048 1877 1298 1930 explicatur
1339 1877 1649 1930 Thucydidem,
1686 1875 1939 1928 priusquam

169 1947 377 1990 iudicium
412 1949 464 1990 de
495 1948 682 1990 omnium
716 1948 921 1989 classium
953 1946 1258 1999 magnitudine
1296 1950 1340 1987 et
1373 1945 1640 1987 auctoritate
1682 1944 1830 1987 faciat.
1873 1942 1940 1984 his

169 2017 318 2059 verbis
349 2017 513 2058 classes
546 2020 680 2058 antea
701 2015 959 2068 singillatim
991 2019 1268 2057 enumeratas
1291 2014 1664 2066 comprehendere.
1727 2012 1939 2053 Diversae

170 2090 315 2126 autem
348 2088 451 2126 sunt
482 2084 672 2126 virorum
705 2085 925 2126 doctorum
958 2083 1218 2136 sententiae,
1259 2094 1469 2134 quasnam
1513 2082 1592 2124 hoc
1633 2081 1766 2123 verbo
1807 2086 1941 2120 ταῦτα

168 2153 213 2194 in
255 2153 397 2195 animo
439 2152 642 2195 habuerit
684 2153 858 2194 classes.
929 2151 1107 2194 Classen
1151 2163 1295 2193 omnes
1337 2150 1482 2203 capite
1524 2150 1638 2192 XIII
1679 2154 1941 2191 memoratas

170 2222 333 2263 classes
364 2245 419 2250 —
451 2221 582 2262 etiam
615 2220 935 2262 Corinthiorum
967 2245 1021 2249 —
1049 2220 1297 2271 comprendi
1327 2223 1477 2272 putat;
1511 2218 1658 2270 Steup.
1690 2231 1783 2259 cum
1807 2215 1941 2258 Samii

171 2292 215 2331 et
246 2289 432 2331 Phocaei
465 2301 568 2341 pars
599 2289 746 2331 Ionum
783 2292 941 2340 essent,
983 2289 1059 2330 hos
1103 2292 1275 2330 tantum
1308 2287 1609 2339 comprehendi
1651 2287 1749 2328 vult
1791 2286 1939 2337 itaque

171 2358 321 2399 deesse
352 2357 522 2399 censuit
551 2363 636 2397 τῶν
668 2357 912 2408 [Ἰωνικῶν]
960 2363 1177 2396 ναυτικῶν.
1249 2355 1437 2410 Quorum
1480 2359 1636 2397 neuter
1665 2359 1785 2396 recte
1825 2353 1940 2395 iudi-

171 2437 295 2468 casse
316 2425 423 2466 mihi
445 2425 632 2467 videtur.
683 2425 1018 2477 Comprehendit
1042 2429 1187 2466 autem
1211 2424 1492 2477 Thucydides
1514 2423 1641 2465 Iones
1665 2423 1940 2476 Polycratem

170 2493 404 2535 Phocaeos.
473 2493 582 2534 Nam
625 2494 677 2535 de
721 2492 958 2535 Corinthiis
1000 2492 1086 2534 iam
1129 2495 1262 2533 antea
1303 2490 1538 2542 iudicavit,
1581 2496 1622 2531 et
1666 2490 1940 2542 Polycratem

171 2561 476 2612 Phocaeosque
508 2573 590 2602 non
624 2564 775 2612 partes
806 2561 969 2614 Ionum,
1001 2562 1076 2602 sed
1109 2572 1187 2611 per
1218 2572 1265 2601 se
1297 2563 1342 2601 et
1374 2559 1416 2600 in
1450 2559 1550 2600 aliis
1583 2557 1786 2609 operibus
1819 2569 1941 2598 occu-

290 2662 315 2704 1)
352 2662 404 2696 De
446 2662 685 2697 Phocaeorum
727 2662 862 2696 colonia
899 2661 1092 2695 Massiliam
1132 2661 1286 2695 deducta
1321 2664 1416 2694 recte
1454 2660 1602 2703 exponit
1638 2660 1747 2701 steup
1787 2659 1943 2701 Anhang

171 2729 204 2762 p.
230 2718 380 2762 346sqq.
438 2718 683 2761 Thucydidem
717 2711 788 2753 alia
818 2719 959 2753 tradere
993 2722 1102 2761 atque
1137 2718 1290 2760 reliquos
1323 2721 1486 2751 auctores
1520 2716 1737 2760 (Eusebium,
1774 2715 1942 2753 Somnum,

172 2776 363 2819 Scymnum
401 2775 547 2809 Timaeo
585 2776 754 2816 auctore).
804 2774 850 2809 Hi
888 2775 1059 2810 coloniam
1093 2774 1185 2808 circa
1217 2784 1350 2808 annum
1386 2784 1415 2807 a.
1450 2773 1530 2807 ('hr.
1568 2772 1629 2807 DC
1663 2772 1839 2806 conditam
1867 2781 1942 2805 esse

173 2832 315 2876 dicunt3
333 2832 562 2875 Thucydides
576 2834 694 2866 autem
714 2832 885 2866 coloniam
912 2832 1099 2866 deductam
1119 2842 1191 2865 una
1208 2842 1286 2864 cum
1305 2841 1429 2874 pugna
1445 2830 1567 2864 navali
1585 2829 1708 2871 tradit,
1727 2840 1815 2872 quae
1843 2838 1942 2862 sexa-

173 2889 278 2933 ginta
294 2890 368 2924 fere
382 2889 486 2923 annis
500 2893 581 2932 post
594 2889 688 2923 inter
704 2889 884 2923 Phocaeos
898 2892 934 2923 et
952 2888 1270 2932 Carthaginienses
1289 2887 1372 2930 Cyri
1387 2887 1605 2930 temporibus
1622 2887 1719 2921 facta
1744 2893 1808 2929 est,
1835 2896 1941 2928 quam

173 2945 376 2981 Herodotus
412 2946 495 2981 libri
520 2946 538 2980 I
570 2946 685 2989 capite
712 2945 855 2980 CLXVI
893 2945 1030 2980 colonia
1062 2944 1242 2979 Massiliae
1276 2944 1374 2978 nullo
1408 2944 1508 2978 modo
1536 2948 1729 2977 memorata
1764 2942 1940 2976 describit.

173 3002 302 3045 Itaque
328 3002 574 3046 Thucydidem
610 3003 699 3037 falso
724 3002 917 3037 Massiliam
952 3002 1124 3036 coloniam
1151 3001 1331 3036 conditam
1357 3011 1435 3034 cum
1463 3000 1526 3034 illa
1559 3010 1680 3044 pugna
1715 2999 1835 3033 navali
1863 3010 1943 3032 con-

173 3058 325 3102 iungere
351 3059 497 3094 Classen
523 3063 560 3094 et
585 3059 718 3094 Kohler
742 3063 835 3093 recte
862 3058 1172 3093 existimaverunt.
