2061 3337
817 113 1069 152 ..7-

60 227 185 281 desit,
216 230 353 269 totam
386 225 733 279 archaeologiam
776 237 870 267 cum
902 225 957 266 iis
989 224 1235 278 sententiis,
1278 236 1391 276 quae
1422 236 1516 266 eam
1556 224 1824 275 praecedant

58 299 103 338 et
148 296 495 348 subsequantur,
541 294 643 336 inde
690 306 716 336 a
760 293 919 346 capitis
958 292 980 334 Ι
1022 293 1300 345 paragrapho
1341 293 1366 334 2
1412 303 1550 345 usque
1597 293 1651 334 ad
1696 290 1824 333 finem

58 363 219 416 capitis
250 363 398 416 XXH,
437 363 650 405 insertam
692 374 787 404 esse
818 361 952 414 priori
987 361 1212 413 prooemio,
1256 361 1368 413 quod
1399 360 1577 403 initium
1609 359 1770 412 capitis
1800 358 1824 400 I

58 435 102 474 et
134 437 266 484 caput
297 431 456 474 XXIII
488 435 660 473 tantum
693 430 964 472 continuerit.
1029 430 1268 472 Praeterea
1289 429 1339 471 E.
1361 428 1586 471 Schwartz
1616 428 1661 470 in
1683 426 1825 469 Musei

56 499 258 542 Rhenani
300 503 413 541 tomo
453 499 560 541 XLI
597 499 742 553 (1886)
783 512 822 551 p.
853 499 935 540 203
953 510 1044 550 sqq.
1085 510 1168 539 non
1211 499 1348 540 solum
1390 499 1504 539 hanc
1545 486 1825 539 Cwiklinskii

57 568 323 610 sententiam
345 567 566 620 probavit,
597 569 673 609 sed
695 567 840 620 etiam,
868 579 961 608 cum
985 566 1214 619 permultis
1237 565 1422 618 singulis
1444 566 1552 608 locis
1574 565 1824 618 offenderet,

56 636 318 689 prooemium
361 639 405 678 et
452 635 800 688 archaeologiam
842 647 865 677 e
912 634 1179 690 Thucydidis
1226 634 1450 676 sententia
1491 646 1573 676 non
1615 633 1733 675 inter
1779 645 1824 674 se

57 705 300 757 cohaerere,
331 705 407 747 sed
437 717 462 747 a
493 704 748 758 Thucydide
771 716 854 746 non
876 702 1074 756 perfecta
1104 704 1158 744 ab
1181 702 1347 745 editore
1374 704 1557 754 quodam
1590 700 1825 743 sententiis

57 784 188 826 saepe
217 772 329 815 falso
360 772 573 815 consertis
606 772 717 814 male
748 775 995 814 retractata
1027 783 1123 814 esse
1155 770 1441 813 existimavit.
1512 772 1658 822 Atque
1691 769 1824 812 etiam

56 843 203 896 Steup,
245 842 319 893 qui
357 841 553 884 Classeni
585 841 851 884 sententiam
882 841 1052 893 probat,
1092 839 1318 882 nonnullos
1350 839 1541 891 singulos
1574 839 1699 891 locos,
1730 850 1823 879 cum

55 922 140 953 non
171 913 290 952 recte
322 910 487 952 intexti
518 921 614 953 esse
646 910 686 951 ei
718 908 988 961 viderentur,
1030 921 1054 950 a
1086 907 1342 961 Thucydide
1375 910 1527 959 postea
1559 905 1746 949 fortasse
1778 905 1822 947 in

55 979 252 1031 margine
285 979 529 1031 adscriptos
561 990 657 1020 esse
688 977 884 1020 coniecit.

168 1047 220 1089 In
252 1047 336 1089 hac
365 1050 495 1089 tanta
524 1046 844 1088 sententiarum
886 1045 1107 1088 varietate
1149 1044 1400 1096 compositio
1441 1042 1647 1096 prooemii
1686 1044 1825 1084 denuo

55 1116 349 1158 examinanda
380 1115 505 1157 nobis
526 1115 715 1167 videtur,
747 1127 841 1157 cum
865 1127 891 1156 a
923 1113 1189 1166 singulorum
1221 1113 1449 1155 verborum
1485 1111 1825 1154 sententiarum-

56 1197 139 1237 que
160 1184 527 1237 interpretatione
561 1185 615 1226 ad
643 1183 896 1225 universum
920 1194 1127 1224 conexum
1153 1182 1494 1234 cognoscendum
1512 1179 1823 1232 progredimur.

55 1253 247 1305 Agemus
270 1252 454 1305 primum
471 1252 631 1294 omissa
650 1251 956 1303 archaeologia
979 1251 1031 1292 de
1053 1250 1250 1292 universi
1273 1249 1480 1302 prooemii
1503 1248 1825 1300 compositione,

55 1333 166 1374 quae
199 1333 221 1362 e
260 1321 480 1373 capitibus
512 1320 534 1362 Ι
566 1324 611 1362 et
642 1319 950 1362 XX—XXIII
993 1319 1280 1372 cognoscitur,
1323 1317 1479 1359 deinde
1521 1318 1573 1358 de
1605 1316 1823 1369 singulari

56 1389 387 1441 archaeologiae
419 1388 739 1442 compositione.

186 1589 260 1645 A.
311 1589 405 1642 De
449 1588 753 1641 universi
796 1587 1131 1653 prooemii
1175 1585 1690 1652 compositione.

735 1753 776 1794 Ι.
817 1754 883 1794 De
915 1752 1068 1806 capite
1099 1752 1138 1793 Ι.

166 1880 217 1921 In
250 1879 399 1921 verbis
432 1878 584 1931 primis
619 1875 878 1932 Θουκυδίδης
906 1876 1130 1931 Ἀθηναῖος
1153 1878 1392 1930 ξυνέγραψε
1426 1874 1498 1915 τὸν
1520 1874 1710 1926 πόλεμον
1739 1881 1820 1914 τῶν

53 1947 410 2002 Πελοποννησίων
447 1945 519 1986 καὶ
550 1945 785 2001 Ἀθηναίων
816 1944 875 1993 ὡς
906 1942 1174 1999 ἐπολέμησαν
1206 1943 1316 1998 πρὸς
1347 1942 1554 1998 ἀλλήλους
1588 1943 1673 1985 Viri
1706 1942 1821 1984 docti

52 2017 105 2058 de
137 2016 278 2058 tribus
310 2017 440 2058 rebus
471 2016 658 2058 nondum
690 2015 861 2056 omnino
893 2018 1012 2056 recte
1044 2014 1239 2056 iudicare
1270 2012 1375 2054 mihi
1407 2012 1626 2054 videntur.

167 2085 359 2126 Primum
411 2083 586 2136 Kriiger
639 2083 684 2125 in
731 2082 1101 2131 commentariis¹)
1144 2083 1325 2124 verbum
1367 2080 1626 2134 ξυγγράφειν
1673 2081 1725 2122 de
1771 2091 1822 2122 ea

54 2153 322 2206 Thucydidis
368 2151 546 2205 propria
590 2151 811 2194 scribendi
851 2151 1043 2203 ratione,
1095 2163 1180 2202 qua
1223 2149 1370 2192 varias
1410 2162 1553 2191 rerum
1595 2153 1821 2202 gestarum

53 2221 330 2264 narrationes
361 2221 427 2262 ita
457 2221 674 2273 componit
705 2224 837 2272 atque
869 2219 1108 2273 coniungit,
1150 2222 1199 2261 ut
1230 2232 1318 2260 nna
1349 2222 1393 2260 et
1434 2230 1542 2260 vera
1584 2215 1821 2269 descriptio

53 2289 158 2332 belli
204 2289 435 2341 efficiatur,
479 2288 740 2341 intellegere
782 2288 972 2340 videtur,
1012 2300 1104 2330 cum
1148 2287 1322 2330 scribit:
1372 2286 1488 2339 „Das
1530 2285 1820 2337 Compositum

53 2358 313 2412 ξυγγράφειν
336 2357 508 2399 bezieht
528 2357 620 2398 sich
651 2356 730 2398 auf
757 2356 828 2398 die
849 2356 1175 2408 Verarbeitung
1207 2357 1284 2397 des
1306 2354 1640 2406 mannigt'achen
1666 2352 1823 2395 Stoffes

52 2439 106 2469 zu
137 2426 276 2468 einem
309 2425 525 2468 Ganzen.“
589 2424 781 2467 Similem
813 2424 1078 2466 sententiam
1111 2425 1246 2466 habet
1267 2423 1600 2465 scholiastarum
1624 2421 1820 2473 quidam:

54 2495 301 2549 ξυγγράψαι
330 2492 379 2534 τὸ
411 2492 499 2545 μετ’
530 2490 780 2545 ἐπιμελείας
816 2492 886 2532 καὶ
927 2491 1175 2540 σπουδαίως
1206 2491 1421 2541 συντάξαι,
1464 2491 1634 2544 γράψαι
1675 2488 1719 2530 δὲ
1751 2488 1819 2528 καὶ

51 2561 100 2602 τὸ
131 2560 283 2610 ἁπλῶς
318 2561 387 2601 καὶ
427 2561 484 2615 μὴ
526 2560 742 2611 ἐπιμελῶς
780 2560 854 2615 τὴν
895 2559 1105 2615 ἀλήθειαν
1146 2558 1349 2612 ἀνευρεῖν.
1421 2560 1506 2601 Sed
1547 2560 1655 2600 haec
1697 2557 1820 2599 verbi

55 2631 315 2685 ξυγγράφειν
356 2629 623 2682 significatio
665 2630 783 2671 nullo
824 2630 946 2670 modo
987 2628 1097 2670 satis
1137 2628 1313 2680 probari
1357 2631 1512 2679 potest.
1594 2626 1700 2669 Nam
1743 2627 1820 2667 hoc

171 2767 195 2810 ¹)
224 2764 434 2799 Θουκυδίδου
459 2766 651 2810 ξυγγραφῆ.
699 2766 766 2800 Mit
790 2766 1024 2800 erklarenden
1052 2765 1335 2808 Aumerkungen
1361 2764 1656 2808 herausgegeben
1683 2774 1751 2797 von
1778 2763 1819 2796 Κ.

53 2823 110 2859 W.
137 2824 290 2868 Kriiger.
339 2824 467 2858 Ersten
487 2824 627 2857 Bandes
645 2827 756 2857 erstes
774 2822 870 2864 nest,
897 2826 1008 2857 erstes
1034 2822 1106 2856 und
1132 2821 1278 2856 zweites
1297 2821 1405 2855 Buch.
1456 2820 1574 2855 Dritte
1600 2820 1820 2855 verbesserte

53 2881 127 2915 und
159 2881 240 2915 sehr
273 2881 475 2915 vermehrte
508 2880 665 2924 Auflage
700 2881 775 2924 (der
806 2879 999 2923 folgenden
1033 2878 1141 2913 Hefte
1175 2878 1301 2913 zweite
1335 2878 1515 2922 Auflage).
1574 2877 1694 2911 Berlin
1722 2875 1818 2910 1860.

52 2936 127 2972 Hos
161 2937 432 2972 commentarios
456 2937 608 2980 optimos
641 2936 797 2972 omnium
832 2946 907 2971 esse
933 2946 1069 2979 censeo,
1105 2935 1163 2970 nbi
1198 2946 1215 2969 e
1242 2935 1464 2979 singulorum
1491 2935 1645 2969 locorum
1673 2932 1821 2978 egregia

54 2993 350 3036 interpretatione
376 2994 515 3028 eluceat
548 2994 678 3028 bonum
711 2993 824 3028 totius
858 2993 1118 3027 sententiarum
1153 2992 1287 3026 ordinis
1320 2991 1501 3034 iudicium,
1536 3001 1750 3034 quamquain
1778 2990 1819 3024 de

53 3050 303 3093 compositione
329 3056 451 3094 aperte
477 3061 546 3086 non
573 3055 713 3095 agatur.
