2061 3337
946 180 1297 221 —46—‘

198 292 374 334 ritiores
404 292 499 333 fieri
529 296 717 343 possent.
778 290 901 333 Talis
933 291 1111 333 offensio
1145 295 1269 333 recta
1301 294 1380 344 est,
1413 295 1458 333 et
1488 291 1651 334 Stahlii
1697 297 1742 334 et
1773 292 1970 336 Classeni

200 359 456 412 explicatio:
501 359 628 411 „teils
672 360 807 400 durch
850 359 1067 411 Vertrage
1109 358 1211 400 teils
1251 360 1386 401 durch
1427 358 1787 413 Kriegfuhrung“
1834 361 1973 414 falsa3

199 427 352 479 itaque
383 427 518 479 Steup
552 427 885 479 explicationem
926 428 1210 478 repetendam
1255 439 1350 469 esse
1393 427 1574 479 censuit,
1621 440 1749 480 quam
1791 428 1971 471 Classen

198 496 244 537 in
285 495 425 548 prima
467 494 870 537 commentariorum
918 494 1110 537 editione
1155 496 1421 547 protulerat:
1461 496 1642 537 verbum
1689 495 1972 548 σπενδόμενοι

199 564 411 616 scriptum
444 576 539 605 esse
570 563 663 605 fere
700 576 777 616 pro
818 559 862 603 ἐν
903 561 1113 611 σπονδαῖς
1155 561 1271 611 ὄντες
1310 564 1382 604 vel
1422 561 1612 611 σπονδὰς
1650 561 1828 614 ἔχοντες.
1888 563 1972 606 Sed

200 632 284 674 nisi
308 632 474 683 apertis
497 631 602 674 locis
625 631 871 673 affirmatur
892 632 1001 672 haec
1021 630 1288 683 significatio
1311 630 1567 683 accipienda
1589 644 1674 673 non
1697 635 1775 674 est.
1807 632 1972 674 Tamen

199 701 309 742 bene
341 699 554 752 explicari
585 712 711 752 posse
741 700 855 741 hunc
886 701 1026 741 locum
1061 711 1232 741 censeo:
1274 699 1511 751 participia
1541 699 1657 741 enim
1691 698 1973 751 σπενδόμενοι

200 773 245 810 61
275 767 560 819 πολεμοῦντες
591 780 673 809 non
707 780 883 810 causam
917 767 1119 821 afferunt,
1152 780 1229 809 cur
1259 767 1567 819 Peloponnesii
1601 771 1646 809 et
1677 767 1975 810 Athenienses

199 836 412 878 bellorum
454 842 695 888 apparatus
735 835 876 887 magis
922 835 1007 877 sibi
1048 839 1272 888 pararent,
1328 837 1404 877 sed
1440 848 1510 877 res
1552 835 1854 878 memorabiles
1894 837 1975 878 hos

201 909 442 957 apparatus
473 908 786 957 prosequentes
818 908 1068 957 narrantur,
1099 903 1144 945 id
1167 905 1279 955 quod
1311 902 1374 945 sic
1394 904 1655 946 vertendum
1689 908 1778 946 est:
1811 905 1976 956 „daher

198 972 444 1015 bereiteten
487 972 550 1014 sie
596 972 687 1014 sich
721 973 862 1013 wohl
907 984 1001 1013 zum
1036 971 1200 1024 Kriege
1243 984 1333 1024 vor,
1374 971 1499 1013 indes
1541 971 1604 1013 sie
1646 971 1750 1014 bald
1781 971 1972 1013 Frieden

199 1042 431 1093 schlossen,
477 1041 579 1082 bald
624 1040 764 1092 Krieg
808 1039 987 1082 fiihrten
1033 1039 1328 1081 miteinander
1384 1041 1488 1082 oder
1533 1041 1615 1081 den
1665 1040 1971 1092 abgefallenen

198 1109 602 1162 Bundesgenossen,
634 1110 722 1150 und
753 1110 934 1150 wurden
966 1108 1221 1150 erfahrener
1253 1109 1359 1149 etc.“
1404 1133 1460 1137 —
1498 1108 1698 1160 Denique
1740 1108 1785 1149 in
1826 1107 1974 1160 capite

198 1177 321 1230 XIX,
354 1190 436 1229 quo
458 1178 608 1218 harum
630 1180 898 1229 potestatum
922 1176 1228 1218 institutiones
1252 1176 1439 1228 amplius
1461 1175 1740 1229 Thucydides
1763 1176 1971 1228 explicat,

198 1250 373 1289 certant
404 1246 491 1287 viri
522 1245 638 1287 docti
670 1246 724 1286 de
757 1249 953 1286 extrema
986 1245 1228 1287 sententia:
1274 1244 1345 1284 καὶ
1387 1240 1548 1298 ἐγένετο
1582 1243 1728 1293 αὐτοῖς
1770 1241 1812 1293 ἐς
1851 1241 1971 1284 τόνδε

197 1314 269 1355 τὸν
299 1313 487 1366 πόλεμον
517 1312 538 1366 ἡ
573 1312 663 1354 ἰδία
703 1311 949 1367 παρασκευὴ
989 1311 1149 1365 μείζων
1190 1310 1214 1365 ἢ
1265 1311 1324 1360 ὡς
1368 1312 1422 1352 τὰ
1467 1313 1668 1365 κράτιστά
1713 1326 1818 1352 ποτε
1864 1311 1969 1364 μετὰ

197 1381 458 1438 ἀκραιφνοῦς
488 1387 560 1436 τῆς
591 1381 833 1434 ξυμμαχίας
862 1381 1064 1436 ἤνθησαν,
1106 1386 1251 1423 utrum
1294 1382 1340 1423 in
1382 1383 1533 1423 ambas
1575 1381 1785 1423 civitates
1828 1393 1885 1422 an
1923 1380 1968 1422 in

200 1451 493 1493 Athenienses
526 1452 637 1492 solos
668 1450 902 1492 referenda
934 1450 1004 1492 sit.
1063 1450 1114 1491 In
1146 1451 1255 1492 duas
1288 1462 1357 1491 res
1399 1449 1614 1501 imprimis
1657 1448 1848 1491 animum
1894 1460 1969 1490 nos

200 1521 429 1562 advertere
452 1532 557 1571 opus
581 1523 659 1561 est.
720 1519 911 1560 Primum
935 1517 1043 1560 dicit
1068 1517 1216 1571 Steup,
1237 1519 1351 1559 hanc
1374 1518 1637 1560 sententiam
1661 1521 1895 1569 propterea
1923 1517 1969 1558 in

198 1588 494 1631 Athenienses
526 1589 637 1630 solos
668 1587 943 1628 referendam
979 1599 1085 1640 esse,
1128 1588 1239 1638 quod
1279 1598 1363 1628 non
1405 1584 1667 1641 ἀμφοτέροις
1709 1586 1787 1627 86(1
1827 1583 1972 1633 αὐτοῖς

198 1656 406 1709 scriptum
451 1661 579 1698 esset.
649 1654 770 1708 Quod
812 1658 1118 1707 argumentum
1158 1654 1327 1696 minimi
1375 1654 1509 1706 pretii
1551 1658 1630 1696 est.
1700 1653 1784 1695 Sed
1824 1653 1969 1705 potius

196 1725 347 1768 mirari
379 1736 618 1777 possumus
651 1724 949 1776 Thucydidem
989 1727 1122 1765 antea
1152 1722 1404 1775 participiis
1437 1721 1759 1773 παραλαβόντες
1799 1721 1868 1760 καὶ
1900 1721 1968 1760 τά·

198 1795 342 1845 ξαντες
373 1795 425 1834 (16
458 1791 804 1834 Atheniensibus
836 1793 1026 1833 locutum
1060 1803 1155 1833 esse
1188 1794 1233 1832 et
1264 1795 1419 1843 postea
1461 1790 1596 1832 verbo
1637 1789 1760 1832 finito
1803 1787 1967 1842 ἐγένετο

198 1863 249 1904 (16
281 1862 336 1904 iis
369 1873 510 1913 agere,
542 1861 692 1911 itaque
724 1859 910 1901 similius
942 1859 1037 1900 veri
1070 1858 1213 1900 videri
1258 1862 1415 1911 potest,
1456 1859 1636 1900 verbum
1678 1858 1850 1899 finitum
1881 1854 1967 1910 ἐγέ-

145 1948 156 1965 -,
197 1945 287 1971 νετο
320 1931 569 1981 adaequare
600 1928 709 1970 illud
735 1929 856 1980 prius
888 1927 987 1976 τοὺς
1008 1927 1254 1979 ξυμμάχους
1273 1925 1448 1981 ἡγοῦντο
1472 1930 1516 1968 61
1548 1928 1601 1968 (16
1623 1915 1830 1970 ambdbus
1862 1925 1969 1968 civi-

197 2000 367 2041 tatibus
396 1997 560 2040 dictum
605 2009 712 2039 esse.
773 1995 857 2038 Sed
902 1997 1012 2038 haec
1059 2002 1162 2037 sunt
1208 1995 1429 2047 ambigua.
1503 1995 1635 2036 Porro
1682 1994 1819 2036 verba
1864 1992 1968 2044 μετὰ

196 2066 457 2121 ἀκραιφνοῦς
487 2072 561 2120 τῆς
591 2066 831 2117 ξυμμαχίας
862 2064 1001 2106 Variis
1043 2064 1180 2105 modis
1211 2063 1546 2115 intelleguntur.
1616 2061 1789 2104 Scholia
1830 2061 1968 2114 expli-

197 2139 318 2177 cant:
366 2133 434 2174 ὅτε
466 2130 580 2184 εἶχον
612 2132 771 2186 ἀβλαβῆ
801 2131 875 2187 τὴν
904 2138 988 2171 τῶν
1020 2133 1192 2171 πάντων
1233 2132 1487 2183 ξυμμαχίαν,
1529 2128 1606 2170 ἐπὶ
1645 2137 1726 2169 τῶν
1754 2128 1969 2184 Μηδικῶν,

197 2208 242 2246 61
273 2204 418 2245 6ο(16111
451 2203 572 2243 modo
605 2201 831 2253 explicant
863 2201 1008 2251 Grote,
1040 2200 1141 2241 hist.
1173 2199 1220 2242 of
1246 2199 1318 2242 Gr.
1342 2200 1378 2252 ὃ,
1409 2200 1464 2240 44
1496 2203 1540 2240 et
1572 2198 1764 2240 Classen.
1831 2197 1968 2250 Steup

196 2284 298 2314 vero
330 2272 382 2312 de
414 2271 468 2312 iis
502 2269 836 2311 Atheniensium
870 2269 996 2311 sociis
1030 2268 1191 2310 dictum
1226 2280 1322 2310 esse
1352 2271 1495 2320 putat,
1536 2267 1610 2319 qui
1642 2266 1815 2308 ratione
1846 2266 1968 2308 modo

198 2339 431 2390 descripta,
464 2351 549 2391 qua
580 2337 916 2379 Atheniensium
949 2336 1103 2379 classis
1133 2336 1392 2388 augebatur,
1424 2348 1478 2377 ex
1508 2335 1687 2387 integra
1718 2333 1968 2376 condicione

199 2409 252 2449 ad
282 2407 553 2448 humiliorem
585 2405 756 2448 redacti
787 2409 945 2447 essent.
1019 2405 1186 2446 Herbst
1216 2404 1388 2449 (Philol.
1418 2403 1678 2455 XXXVIII,
1709 2403 1792 2444 535
1805 2402 1882 2456 sq.)
1915 2402 1969 2443 de

196 2475 382 2527 singulis
424 2479 468 2517 et
508 2473 950 2516 Lacedaemoniorum
992 2476 1037 2514 et
1079 2472 1413 2514 Atheniensium
1457 2470 1746 2513 societatibus
1789 2469 1967 2523 cogitat,

197 2556 309 2595 quae
342 2543 592 2585 deminutae
623 2541 722 2583 sint.
783 2540 862 2583 Cui
884 2553 978 2583 cum
1000 2546 1120 2582 recte
1142 2540 1278 2592 Steup
1310 2539 1419 2581 nihil
1451 2541 1504 2581 de
1524 2538 1966 2581 Lacedaemoniorum

197 2612 408 2653 sociorum
439 2611 736 2653 deminutione
768 2609 933 2651 dictum
966 2621 1061 2651 esse
1091 2609 1368 2661 respondeat,
1400 2606 1572 2659 Steupii
1604 2605 1743 2659 ipsius
1775 2605 1967 2658 opinioni

197 2679 461 2721 contrarium
495 2690 590 2721 esse
621 2678 727 2720 mihi
760 2677 948 2729 videtur,
979 2678 1093 2729 quod
1124 2675 1303 2729 propria
1336 2674 1672 2717 Atheniensium
1704 2677 1900 2726 potestas
1922 2676 1966 2714 61

196 2752 437 2799 apparatus
469 2746 573 2788 belli
596 2745 805 2788 sociorum
832 2744 1022 2787 navibus
1044 2745 1279 2797 adiunctis,
1312 2743 1440 2786 sociis
1473 2750 1619 2785 autem
1641 2745 1842 2793 sumptus
1863 2752 1968 2793 pen-

195 2815 414 2867 dentibus,
446 2826 587 2866 neque
610 2818 742 2856 aucta
763 2826 903 2866 neque
924 2813 1095 2855 minuta
1116 2812 1217 2855 sint.
1278 2813 1434 2864 Itaque
1455 2810 1714 2853 scholiorum
1742 2807 1965 2851 sententia

195 2884 421 2935 probanda
443 2886 522 2933 est,
545 2895 655 2934 quae
677 2882 1049 2934 interpretantur:
1081 2885 1364 2932 utrorumque
1388 2878 1493 2921 belli
1517 2882 1758 2930 apparatus
1780 2877 1965 2918 maiores

195 2949 333 2991 fuisse
374 2952 503 3002 paulo
545 2954 648 2992 ante
691 2951 850 2991 bellum
896 2949 1310 3001 Peloponnesiacum
1359 2959 1486 2999 quam
1537 2958 1586 2987 eo
1627 2949 1831 2998 tempore,
1872 2956 1966 2986 cum

197 3018 319 3060 ambo
353 3018 573 3060 coniuncti
605 3023 650 3059 61
681 3018 798 3059 inter
829 3030 875 3059 se
909 3022 951 3059 et
994 3029 1088 3058 cum
1131 3016 1290 3058 ceteris
1332 3013 1513 3057 Graecis
1554 3012 1773 3065 plerisque
1815 3016 1967 3054 contra

195 3085 355 3127 Persas
387 3090 647 3138 pugnarent.
