2061 3337
803 131 1087 172 -17-

69 247 223 288 mirum
266 258 374 298 esse,
414 245 452 288 si
493 249 646 287 auctor
682 245 819 287 verba
850 243 902 284 τὰ
933 242 1054 296 παρὰ
1083 250 1167 283 τῶν
1207 242 1345 283 ἄλλων
1385 245 1513 296 paulo
1554 249 1652 297 post
1689 246 1838 287 verbis

69 314 166 368 περὶ
198 311 389 363 ἑκάστου,
420 313 495 356 ubi
517 313 783 365 praepositio
817 312 946 365 adsit,
979 311 1228 354 accuratius
1261 312 1685 364 circumscripsisset.
1736 313 1839 366 (Ubi

71 383 182 434 quod
212 381 348 435 Steup
380 386 533 424 contra
565 381 673 423 dicit
703 379 806 431 περὶ
836 379 1012 420 ἑκάστου
1035 381 1089 421 ad
1111 378 1304 434 ἀκριβείᾳ
1337 380 1517 432 adiungi
1548 393 1687 434 posse,
1717 382 1839 424 modo

69 449 389 502 refutavimus.)
449 449 607 501 Itaque
640 461 733 490 cum
766 449 852 490 iam
883 448 1098 500 insignem
1131 451 1175 489 et
1206 447 1359 489 miram
1386 448 1649 490 brevitatem
1682 461 1840 491 sermo-

71 518 139 560 nis
170 519 216 560 in
246 517 396 560 verbis
428 517 605 560 traditis
638 518 793 559 adesse
822 520 1034 568 putarem,
1068 515 1359 558 Wilamowitz
1400 516 1503 558 mihi
1547 516 1839 559 coniecturam

71 587 237 639 attulit,
269 598 380 639 quae
412 586 636 638 probanda
667 585 867 627 videtur:
898 584 1266 637 praepositionem
1300 585 1421 636 παρά
1462 586 1690 627 delendam
1733 598 1841 639 esse,

70 658 122 696 ut
152 655 212 696 sit
243 651 306 703 οἷς
334 668 378 694 τε
410 651 535 702 αὐτὸς
565 658 709 707 παρῆν
748 651 817 692 καὶ
859 659 941 692 τῶν
971 650 1109 692 ἄλλων
1140 651 1243 706 περὶ
1273 648 1462 693 ἑκάστου.
1532 653 1663 696 Porro
1705 656 1842 696 verba

71 720 163 764 ὅσοι
195 720 241 762 δὲ
266 721 540 777 βουλήσονται
570 727 656 761 τῶν
685 735 729 761 τε
760 721 994 773 γενομένων
1032 719 1080 761 τὸ
1122 718 1257 775 σαφὲς
1296 727 1472 760 σκοπεῖν
1511 721 1582 761 καὶ
1621 729 1705 761 τῶν
1745 720 1842 773 μελ-

71 789 231 831 λόντων
260 785 392 838 αὖθις
422 788 527 830 κατὰ
557 787 606 830 τὸ
639 787 919 843 ἀνθρώπειον
950 788 1154 828 τοιούτων
1193 787 1263 828 καὶ
1305 788 1622 844 παραπλησίων
1662 787 1843 830 ἔσεσθαι

72 857 270 913 ὠφέλιμα
301 859 456 911 κρίνειν
493 855 598 897 αὐτὰ
629 855 869 911 ἀρκούντως
899 853 984 907 ἕξει
1016 856 1101 911 iam
1133 855 1334 909 Kriigero
1367 856 1672 900 difficultatem
1706 859 1843 900 inaxi-

71 939 185 968 mam
216 926 502 979 praebebant,
543 925 616 977 qui
657 926 796 968 verba
827 923 1024 978 ὠφέλιμα
1053 926 1209 978 κρίνειν
1240 923 1347 964 αὐτά
1378 926 1594 977 glossema
1626 939 1721 968 esse
1754 926 1844 968 exi·
1912 930 1917 935 '

72 995 293 1046 stimavit‚
354 993 625 1036 difficillimis
681 993 852 1045 quidem
898 993 1007 1045 ipsis
1053 997 1099 1034 et
1143 993 1421 1044 gravissimis
1472 995 1622 1037 verbis
1675 994 1846 1038 deletis.

73 1062 254 1105 Classen
295 1063 360 1105 sic
389 1062 547 1104 vertit:
597 1074 668 1113 „es
708 1062 818 1103 wird
860 1062 964 1103 aber
1004 1064 1215 1114 geniigen‚
1258 1061 1340 1103 dass
1380 1062 1640 1115 diejenigen,
1681 1064 1846 1104 welche

73 1132 307 1173 wiinschen
326 1132 499 1172 werden
533 1130 701 1172 sichere
727 1129 946 1172 Kenntnis
976 1142 1029 1171 zu
1060 1129 1290 1182 gewinnen
1324 1131 1484 1172 sowohl
1518 1143 1601 1173 von
1635 1133 1716 1173 den
1749 1143 1846 1173 ver-

73 1210 302 1252 gangenen
337 1198 634 1252 Ereignissen,
667 1199 731 1240 als
763 1210 847 1240 von
880 1198 1166 1252 demjenigen,
1197 1210 1288 1240 was
1320 1198 1413 1240 sich
1446 1200 1558 1240 nach
1586 1201 1680 1241 dem
1705 1199 1845 1241 Laufe

74 1267 392 1309 menschlicher
431 1266 576 1320 Dinge
617 1267 777 1309 einmal
818 1279 862 1309 so
904 1267 1006 1308 oder
1048 1266 1222 1308 ahnlich
1265 1267 1428 1308 wieder
1469 1272 1684 1320 zutragen
1727 1268 1847 1320 wird‚

75 1335 188 1377 mein
223 1335 360 1377 Werk
399 1334 470 1377 fiir
510 1335 705 1377 niitzlich
749 1336 1066 1377 anerkennen.“
1143 1334 1227 1376 Sed
1270 1339 1389 1377 recte
1421 1336 1596 1388 Krtiger
1638 1340 1682 1377 et
1712 1335 1846 1388 Steup

75 1415 336 1446 memorasse
367 1403 474 1445 mihi
504 1403 722 1455 videntur.
755 1403 891 1445 verba
910 1401 957 1443 τὸ
980 1400 1115 1455 σαφὲς
1146 1409 1324 1443 σκοπεῖν
1347 1415 1430 1445 non
1453 1408 1560 1456 apta
1592 1416 1687 1446 esse
1718 1405 1848 1446 rebus

75 1471 251 1525 futuris,
292 1484 379 1523 qua
410 1473 462 1514 de
506 1484 639 1514 causa
671 1471 806 1524 Steup
847 1471 992 1524 priore
1022 1471 1214 1524 Kriigeri
1256 1472 1479 1514 sententia
1514 1472 1707 1524 repetita
1751 1477 1850 1524 post

76 1541 258 1582 verbum
288 1538 466 1581 ἔσεσθαι
497 1541 709 1582 nonnulla
737 1540 873 1581 verba
921 1540 1071 1581 deesse
1112 1539 1308 1581 coniecit.
1378 1539 1487 1581 Mihi
1529 1540 1701 1592 quidem
1737 1540 1849 1581 diffi-

78 1609 221 1650 cultas
253 1608 364 1651 solvi
394 1620 522 1661 posse
552 1608 731 1650 videtur
762 1620 822 1660 eo,
854 1609 964 1659 quod
985 1609 1122 1650 verba
1145 1606 1343 1663 ὠφέλιμα
1377 1610 1531 1661 κρίνειν
1563 1610 1618 1650 ad
1650 1616 1733 1648 τῶν
1754 1607 1849 1660 μελ-

77 1675 236 1717 λόντων
267 1711 274 1717 .
308 1711 315 1718 .
347 1673 532 1721 ἔσεσθαι,
565 1677 745 1718 verbum
778 1674 884 1715 αὐτά
917 1679 1062 1717 autem
1087 1676 1140 1717 ad
1164 1673 1403 1729 ἀρκούντως
1433 1674 1517 1726 ἕξει
1550 1676 1851 1729 adiunguntur

78 1749 127 1786 ut
158 1746 273 1786 hunc
303 1746 544 1787 habeamus
577 1756 771 1786 sensum:
815 1744 907 1798 „iis‚
939 1744 1014 1796 qui
1045 1744 1156 1785 utile
1189 1756 1332 1786 rerum
1362 1743 1611 1786 futurarum
1645 1744 1851 1787 similium

78 1813 286 1855 iudicium
319 1812 514 1855 iudicare
546 1813 706 1864 volent,
737 1824 807 1855 res
841 1825 865 1854 a
892 1824 959 1854 me
982 1812 1228 1864 descriptae
1252 1813 1363 1854 satis
1385 1812 1589 1855 facient.“
1654 1811 1851 1868 ὠφέλιμα

79 1882 235 1934 κρίνειν
265 1893 342 1933 pro
374 1879 590 1935 ὠφέλιμον
620 1882 756 1933 κρίσιν
777 1882 934 1932 κρίνειν
965 1880 1176 1932 scriptum
1200 1884 1268 1922 est
1290 1880 1495 1923 similiter
1518 1886 1650 1932 atque
1682 1881 1726 1923 in
1749 1880 1851 1922 libri

79 1949 118 1990 V
136 1949 281 2002 capite
301 1949 508 2001 LXXIX,
540 1950 565 1991 3
588 1947 840 1989 δικαιότατα
862 1950 1073 2001 κρίναντες
1096 1952 1140 1990 et
1162 1949 1206 1990 in
1228 1948 1329 1990 libri
1347 1949 1409 1990 VI
1432 1949 1579 2001 capite
1595 1949 1807 2002 XXXIX,
1828 1951 1850 1990 1

80 2016 232 2072 ἄριστα
272 2023 428 2070 κρῖναι,
466 2022 753 2059 conectuntur
783 2018 920 2059 verba
951 2024 1034 2056 τῶν
1063 2016 1302 2069 μελλόντων
1335 2016 1532 2072 ὠφέλιμα
1572 2018 1685 2060 sicut
1720 2023 1852 2059 antea

82 2087 219 2128 verba
249 2092 331 2125 τῶν
367 2086 601 2139 γενομένων
640 2084 689 2126 τὸ
730 2087 885 2139 σαφές,
927 2084 1032 2125 αὐτά
1074 2087 1126 2127 de
1167 2086 1299 2127 rebus
1339 2085 1479 2138 gestis
1521 2086 1566 2127 in
1608 2098 1683 2128 suo
1724 2098 1852 2138 opere

84 2153 318 2206 descriptis
353 2154 487 2196 etiam
520 2166 652 2206 supra
684 2154 727 2195 in
760 2153 907 2196 verbis
938 2151 983 2193 τὸ
1006 2152 1061 2207 μὴ
1094 2152 1296 2204 μυθῶδες
1317 2152 1455 2194 αὐτῶν
1477 2154 1655 2195 adhibet
1690 2158 1854 2196 auctor.

199 2222 605 2265 Demonstravimus
638 2221 872 2264 sententiis
902 2221 953 2261 τὰ
982 2220 1060 2273 μὲν
1107 2217 1177 2262 οὖν
1222 2221 1389 2262 παλαιὰ
1433 2228 1608 2262 τοιαῦτα
1657 2218 1778 2277 ηὗρον
1810 2228 1853 2264 et

84 2288 208 2331 καὶὸ
239 2289 430 2342 πόλεμος
470 2285 593 2338 οὗτος
633 2289 814 2344 δηλώσει
853 2283 1011 2341 μείζων
1050 2292 1323 2345 γεγενημένος
1362 2288 1499 2329 αὐτῶν
1540 2291 1716 2332 additas
1759 2302 1853 2332 esse

86 2358 402 2411 explicationes
434 2357 550 2400 inter
581 2370 626 2400 se
659 2357 923 2400 simillimas:
963 2358 1212 2410 explicatur
1236 2358 1346 2400 enim
1382 2365 1422 2399 et
1458 2359 1508 2399 de
1540 2359 1669 2400 rebus
1702 2358 1855 2410 priori-

85 2426 167 2469 bus
209 2430 252 2468 et
295 2427 348 2467 de
394 2426 664 2468 orationibus
710 2427 926 2478 rebusque
976 2426 1115 2478 gestis
1163 2427 1265 2467 belli
1324 2426 1702 2478 Peloponnesiaci.
1770 2439 1855 2477 qua

88 2496 140 2536 de
173 2506 305 2537 causa
337 2494 515 2536 difficile
545 2493 681 2535 fuerit
709 2494 944 2535 veritatem
988 2506 1246 2545 cognoscere
1288 2498 1330 2535 et
1365 2493 1522 2545 quibus
1555 2506 1576 2535 e
1609 2494 1856 2536 rationibus

89 2562 365 2615 Thucydides
417 2573 486 2603 res
531 2575 557 2603 a
597 2574 643 2603 se
696 2561 939 2613 descriptas
990 2561 1230 2612 invenerit3
1283 2563 1333 2602 de
1385 2562 1515 2603 rebus
1566 2562 1704 2613 gestis
1753 2561 1856 2603 belli

88 2629 445 2682 Peloponnesiaci
506 2634 737 2681 praeterea
794 2629 992 2682 additur,
1053 2629 1205 2681 quanti
1273 2630 1349 2671 hoc
1415 2629 1683 2681 Thucydidis
1749 2641 1856 2681 opus

91 2698 408 2741 aestimandum
465 2697 534 2739 sit.
618 2698 669 2738 In
716 2697 893 2739 summis
950 2702 1092 2739 autem
1151 2696 1384 2738 sententiis
1442 2697 1529 2738 illis
1586 2699 1736 2739 eadem
1794 2698 1855 2739 di-

90 2770 260 2818 cuntur,
292 2778 403 2818 quae
436 2766 477 2807 in
512 2765 671 2817 capitis
713 2765 733 2806 Ι
774 2765 1008 2806 sententiis
1049 2765 1211 2817 scripta
1257 2772 1379 2806 erant
1425 2765 1511 2807 his:
1552 2767 1711 2820 κίνησις
1753 2764 1855 2819 αὕτη

89 2836 263 2888 μεγίστη
295 2833 343 2888 δὴ
378 2831 539 2886 ἐγένετο
573 2838 613 2874 et
646 2832 697 2872 τὰ
730 2831 816 2886 πρὸ
858 2831 994 2872 αὐτῶν
1026 2832 1095 2872 καὶ
1137 2832 1189 2872 τὰ
1227 2830 1287 2872 ἔτι
1322 2832 1560 2885 παλαίτερα
1604 2832 1651 2872 οἵ·
1693 2833 1857 2887 μεγάλα

90 2900 251 2954 νομίζω
283 2903 494 2955 γενέσθαι.

207 2970 462 3022 Exemplum
504 2970 714 3011 habemus
747 2969 1084 3011 constructionis
1117 2969 1385 3022 Thucydidis
1417 2970 1602 3011 maxime
1636 2971 1857 3022 propriae:

93 3037 355 3080 sententiam
389 3038 523 3090 ponit,
555 3037 710 3079 deinde
742 3039 853 3078 hanc
882 3037 1076 3089 longiore
1109 3037 1391 3088 expositione.
1433 3050 1542 3089 quae
1586 3051 1717 3090 saepe
1760 3051 1858 3089 par-
