2061 3337
793 135 1077 176 -19—

56 253 194 295 verba
226 251 386 303 capitis
417 250 438 292 Ι
476 249 528 290 τὰ
559 247 643 301 πρὸ
674 247 814 288 αὐτῶν
845 250 1051 298 corrupta
1082 257 1178 287 esse
1210 248 1378 298 putant,
1419 245 1541 286 cuius
1573 243 1824 285 sententiae

56 321 219 363 nullam
261 331 356 362 esse
403 330 579 360 causam
625 329 758 369 supra
798 315 842 357 in
883 328 922 367 p.
966 316 1018 356 12
1061 326 1082 355 e
1124 313 1303 355 Kohleri
1354 311 1721 364 interpretatione
1753 312 1825 353 de-

55 387 414 438 monstravimus;
459 390 503 428 et
544 386 703 427 bellum
734 384 965 425 Persarum
1007 394 1175 434 quoque
1216 381 1258 422 in
1300 380 1604 431 archaeologia
1646 392 1825 421 comme-

57 456 215 498 morari
249 467 424 497 necesse
453 460 532 496 est.
591 454 771 494 Rectam
793 464 896 494 vero
927 450 1098 492 invenit
1134 448 1541 501 interpretationem
1565 437 1825 490 Cwiklinski

57 525 84 566 1.
115 526 140 566 l.
169 537 206 576 p.
229 524 282 565 23
295 536 367 576 sq.,
399 522 473 574 qui
495 524 626 573 caput
648 520 807 562 XXIII
839 521 894 561 ad
916 518 1188 571 prooemium,
1221 518 1333 568 quod
1356 516 1575 569 capitibus
1608 515 1825 557 I—XXII

57 593 319 643 continetur,
350 603 433 632 non
466 589 688 642 pertinere
721 588 843 629 dixit.
905 588 988 629 Sed
1021 591 1153 638 caput
1183 585 1343 627 XXIII
1383 596 1478 626 esse
1522 585 1698 626 brevius
1730 597 1826 636 pro-

54 660 253 713 oemium,
294 658 516 711 scriptum,
547 657 799 710 priusquam
833 655 1112 708 Thucydides
1153 666 1355 706 magnum
1399 652 1670 704 prooemium,
1712 653 1826 704 quod

58 726 405 780 archaeologiam
436 725 642 778 continet,
680 723 937 776 conceperit,
969 723 1119 774 itaque
1151 722 1284 764 etiam
1314 726 1464 773 aptum
1496 721 1624 762 huius
1665 720 1826 772 capitis

59 809 154 838 cum
186 796 403 848 prioribus
435 805 643 836 conexum
666 805 748 834 non
770 792 973 833 inveniri.
1033 790 1171 844 Quam
1195 790 1459 832 sententiam
1483 788 1652 830 omnino
1683 790 1828 842 probo,

57 868 203 906 tamen
247 876 328 905 non
369 863 501 915 probo
533 861 717 914 primam
759 859 920 912 capitis
952 859 973 900 I
1005 862 1175 911 partem
1217 871 1310 900 cum
1354 857 1499 909 capite
1531 856 1689 897 XXIII
1731 869 1827 898 con-

58 932 253 974 iunctam
283 931 433 982 fuisse,
464 943 560 972 cum
591 918 870 972 (iwiklifiskii
903 927 1179 979 sententiam,
1221 939 1306 978 qua
1337 925 1382 967 in
1414 924 1560 977 capite
1591 925 1612 966 I
1653 928 1826 966 senten-

58 1001 219 1043 tiarum
262 1011 467 1041 conexum
511 997 805 1049 desiderabat,
846 1007 1082 1048 agnoscere
1122 1006 1205 1037 non
1243 994 1414 1046 possim.
1456 998 1602 1034 tamen
1645 993 1829 1034 similem

57 1067 327 1111 sententiam
359 1071 492 1119 atque
524 1065 684 1118 capitis
714 1065 737 1106 I
776 1064 948 1107 initium
993 1064 1124 1105 etiam
1168 1063 1212 1104 in
1254 1063 1397 1114 priore
1438 1062 1651 1114 prooemio
1691 1060 1828 1102 fuisse

58 1136 299 1179 verisimile
332 1138 412 1178 est.
471 1134 674 1176 Ceterum
708 1135 764 1175 ad
796 1137 928 1185 caput
959 1132 1118 1173 XXIII
1149 1132 1282 1173 etiam
1316 1131 1359 1172 in
1392 1130 1585 1182 capitum
1607 1129 1763 1171 XVIII
1785 1132 1829 1171 et

58 1205 172 1247 XIX
203 1203 577 1257 interpretatione
607 1203 917 1244 revertendum
949 1200 1045 1242 erit.

289 1380 356 1432 B.
389 1378 483 1431 De
528 1375 1046 1440 archaeologiae
1091 1374 1605 1440 compositione.

506 1526 538 1567 I.
583 1522 644 1567 tsi
681 1521 748 1566 ἔτι
787 1517 1045 1581 παλαίτεροι
1094 1523 1141 1575 (c.
1172 1521 1398 1575 II—XII).

89 1651 136 1704 a)
170 1650 237 1692 De
269 1647 606 1700 antiquissima
637 1647 747 1687 ante
779 1644 958 1686 bellum
991 1643 1213 1685 Troicum
1247 1641 1402 1684 aetate
1434 1651 1483 1686 (c.
1516 1641 1701 1695 II—III‚
1732 1641 1787 1695 4).

179 1751 312 1794 Initio
344 1750 504 1803 capitis
537 1750 581 1791 II
612 1747 891 1801 Thucydides
934 1746 1053 1798 dicit,
1094 1758 1178 1788 non
1220 1746 1274 1786 ab
1317 1744 1636 1796 antiquissimis
1668 1748 1832 1795 tempo-

64 1821 187 1863 ribus
220 1820 410 1862 Graecos
441 1818 575 1860 firmis
605 1817 673 1859 uti
715 1816 904 1868 sedibus,
944 1816 1021 1856 sed
1062 1826 1194 1865 saepe
1237 1813 1326 1854 illis
1369 1812 1638 1864 temporibus
1673 1812 1834 1865 migra-

66 1890 196 1939 visse,
242 1886 456 1940 imprimis
502 1886 684 1938 exiguas
732 1887 887 1938 gentes
929 1896 955 1925 a
996 1882 1234 1924 maioribus
1281 1894 1513 1934 oppressas
1561 1894 1689 1934 agros
1735 1893 1833 1923 suos

66 1957 308 2009 reliquisse.
395 1955 529 2007 Steup
581 1952 728 1995 Verbis
772 1952 1106 2003 μεταναστάσεις
1150 1964 1194 1990 τε
1237 1945 1360 1990 οὖσαι
1404 1948 1452 1989 τὸ
1501 1949 1714 2003 πρότερον
1764 1948 1836 1989 καὶ

65 2024 226 2080 ῥᾳδίως
256 2021 426 2065 ἕκαστοι
455 2022 528 2076 τὴν
559 2019 720 2062 ἑαυτῶν
752 2019 1062 2068 ἀπολείποντες
1092 2017 1368 2061 voluntarias
1401 2021 1446 2059 et
1477 2017 1645 2060 invitas
1679 2018 1836 2070 migra·

68 2094 210 2136 tiones
257 2091 493 2135 distinctas
539 2102 634 2133 esse
685 2091 826 2141 putat,
876 2089 921 2130 id
968 2088 1081 2139 quod
1128 2088 1245 2129 nullo
1293 2087 1415 2128 modo
1462 2099 1484 2128 e
1531 2086 1680 2128 verbis
1729 2086 1837 2138 ipsis

66 2167 265 2214 apparet.
326 2159 410 2202 Sed
442 2159 587 2212 potius
619 2171 715 2200 cum
747 2157 981 2209 particulis
1012 2155 1057 2197 τὲ
1101 2182 1145 2186 —
1194 2156 1267 2195 καί
1299 2167 1431 2207 saepe
1474 2156 1585 2196 duae
1626 2154 1838 2196 eiusmodi

67 2229 319 2272 sententiae
369 2239 559 2270 conexae
605 2226 716 2279 sint,
769 2237 950 2276 quarum
999 2225 1117 2277 prior
1158 2223 1365 2276 generale
1415 2222 1593 2274 aliquid,
1645 2225 1838 2264 secunda

69 2298 263 2350 speciale
305 2300 350 2339 et
391 2296 597 2348 notabile,
643 2294 757 2347 quod
799 2294 942 2346 priore
985 2292 1378 2345 comprehenditur,
1424 2291 1655 2343 exprimat,
1701 2290 1837 2332 etiam

0 2383 2 2387 ·
70 2367 149 2408 hoc
187 2367 278 2408 loco
319 2377 342 2407 e
383 2369 475 2406 toto
516 2364 700 2406 omnium
745 2362 1150 2415 commigrationum
1192 2372 1390 2412 numero,
1433 2359 1505 2411 qui
1555 2359 1703 2401 verbis
1742 2373 1838 2410 μετ-

72 2435 324 2482 αναστάσεις
354 2446 399 2472 τε
432 2428 554 2472 οὖσαι
584 2431 631 2472 τὸ
674 2432 885 2486 πρότερον
925 2430 1213 2483 significatur,
1255 2427 1423 2469 invitas
1456 2427 1556 2469 illas
1590 2427 1738 2468 verbis
1770 2426 1839 2466 καὶ

72 2501 236 2556 ῥᾳδίως
285 2498 455 2541 ἕκαστοι
501 2500 576 2555 τὴν
622 2498 784 2540 ἑαυτῶν
828 2498 1146 2546 ἀπολείποντες
1185 2494 1433 2549 βιαζόμενοι
1476 2492 1559 2534 ὑπό
1600 2509 1729 2534 τινων
1773 2492 1839 2534 ἀεὶ

72 2568 287 2610 πλειόνων
316 2568 552 2621 praecipue
584 2568 785 2610 adnotari
808 2567 1147 2609 concludendum
1180 2566 1297 2609 est¹).
1356 2563 1641 2615 Paragrapho
1664 2564 1688 2604 2
1722 2562 1840 2604 illius

193 2660 216 2704 ¹)
242 2660 314 2694 alia
338 2659 444 2694 huius
471 2658 726 2702 particularum
752 2659 788 2689 τὲ
814 2676 855 2681 -
883 2659 940 2688 καί
965 2667 1050 2689 usus
1077 2655 1235 2697 exempla
1262 2664 1280 2688 0
1306 2652 1481 2696 prooemio
1507 2653 1634 2697 collegi
1660 2653 1764 2687 haec:

154 2717 183 2760 I,
210 2717 228 2750 1
255 2719 368 2760 μέγαν
394 2728 430 2748 τε
456 2715 600 2748 ἔσεσθαι
625 2718 683 2747 καὶ
709 2712 993 2758 ἀξιολογώτατον
1018 2717 1090 2744 τῶν
1114 2712 1441 2755 προ)ἐγενημὲΜυν,

135 2775 185 2816 II,
211 2773 231 2806 2
257 2775 447 2815 νεμόμενοί
482 2785 515 2804 τε
550 2774 594 2804 τὰ
626 2774 761 2803 ἑαυτῶν
794 2772 877 2803 ὅσον
910 2770 1044 2811 ἀποζῆν
1080 2771 1138 2800 καὶ
1170 2770 1374 2811 περιουσίαν
1405 2769 1598 2810 χρημάτων
1621 2767 1682 2798 οὐκ
1708 2767 1843 2807 ἔχοντες

256 2827 337 2862 οὐδὲ
361 2835 427 2873 γῆν
453 2834 670 2873 φυτεύοντες,

120 2886 191 2929 III,
217 2887 237 2919 '2
263 2889 353 2918 κατὰ
378 2886 465 2927 ἔθνη
491 2884 578 2917 ἄλλα
607 2898 641 2918 τε
666 2887 723 2917 καὶ
750 2887 788 2917 τὸ
809 2882 1026 2927 Πελασγικὸν
1051 2883 1107 2914 ἐπὶ
1128 2880 1291 2914 πλεῖστοι·
1309 2880 1369 2925 ἀφ’
1389 2881 1525 2912 ἑαυτῶν
1552 2881 1615 2921 τὴν
1639 2879 1844 2920 Ermum-aiau

257 2942 484 2986 παρέχεσθαι,

75 2999 179 3043 XIII,
213 3000 235 3033 6
261 2997 367 3034 ἄλλας
392 3012 428 3031 τε
454 3005 528 3032 τῶν
552 3002 670 3040 νήσων
694 2999 863 3039 ὑπηκόους
887 2998 1075 3038 ἐποιήσατο
1101 2997 1157 3027 καὶ
1179 2993 1339 3036 “Ρήνειαν
1364 2992 1454 3026 ἑλὼν
1479 2993 1631 3035 ἀνέθηκε
1658 2999 1707 3033 τῷ
1732 2990 1848 3025 lindi.-

261 3054 346 3088 λωνι
371 3057 422 3097 ’τῷ
448 3053 581 3100 Δηλίῳ,
