2061 3337
901 143 1180 183 -42-

149 253 277 302 patos
310 263 438 302 quam
471 256 638 294 ceteros
671 252 798 294 Iones
829 257 1050 296 memorat.
1109 254 1192 296 His
1229 255 1372 297 tribus
1413 256 1458 297 in
1489 258 1703 300 classibus
1734 260 1919 301 nondum

148 319 309 359 multas
341 319 554 372 triremes,
597 322 673 362 sed
714 321 1182 374 quinquagintaremes
1223 328 1268 365 et
1307 336 1444 366 naves
1475 325 1661 368 minores
1702 326 1870 382 (πλοῖα)
1885 328 1918 382 1)

145 385 282 427 fuisse
315 386 434 428 dicit.

264 454 461 507 Denique
483 457 612 507 paulo
646 462 749 498 ante
781 458 942 499 bellum
965 458 1196 500 Persarum
1221 484 1275 488 —-
1296 459 1348 499 τὰ
1382 459 1551 515 Μηδικά
1572 473 1668 504 6336
1689 474 1759 504 res
1791 464 1918 506 annis

149 534 185 563 a.
217 522 313 565 Chr.
354 524 580 566 480—479
621 525 767 567 factas
807 532 925 567 recte
967 525 1100 579 Steup
1143 533 1294 570 contra
1327 529 1570 582 Kriigerum
1614 535 1759 572 monet
1788 556 1843 560 ——
1875 536 1919 574 et

149 594 252 631 ante
284 591 419 633 Darei
451 597 631 634 mortem
665 618 717 622 —
749 606 835 645 qua
868 595 1153 637 adnotatione
1185 596 1319 638 etiam
1361 602 1464 638 ante
1497 611 1656 640 annum
1688 599 1772 641 485
1810 601 1919 642 haec

147 671 260 710 quae
278 665 516 702 narrantur
544 661 741 703 evenisse
765 661 1012 704 affirmatur
1032 688 1087 692 —
1110 663 1351 706 Siculorum
1370 668 1580 718 tyrannos
1597 671 1641 708 et
1653 667 1917 720 Cercyraeos

144 728 308 769 multas
349 727 434 769 sibi
476 730 705 780 paravisse
747 730 948 773 triremes
992 743 1129 773 naves
1172 732 1450 787 Thucydides
1490 739 1657 788 narrat,
1698 741 1743 777 et
1784 735 1917 778 simili

145 796 268 836 modo
301 803 434 847 atque
467 805 599 838 antea
632 810 707 840 eas
741 799 1110 850 comprehendens
1152 801 1232 842 has
1264 801 1444 844 ultimas
1477 806 1579 844 ante
1621 803 1779 845 bellum
1814 804 1915 845 Per-

146 874 290 904 sarum
323 865 539 906 notabiles
573 867 735 908 classes
767 867 905 908 fuisse
933 868 1138 909 affirmat.
1200 871 1346 920 Atque
1369 882 1423 911 ne
1455 871 1551 922 quis
1574 875 1678 913 tunc
1709 872 1916 924 temporis

146 932 277 972 etiam
311 933 605 976 Athenienses
637 947 838 987 magnam
870 949 956 987 qua
988 936 1031 977 in
1064 937 1177 978 bello
1210 937 1442 980 Persarum
1473 939 1712 980 utebantur
1734 940 1916 982 classem

143 1000 352 1042 habuisse
384 1008 522 1052 putet.
566 1003 687 1044 addit
723 1004 1016 1046 Athenienses
1054 1010 1095 1046 et
1130 1006 1371 1058 Aeginetas
1411 1019 1576 1058 paucas
1607 1011 1699 1049 tum
1741 1011 1786 1049 et
1825 1008 1915 1060 ple-

141 1079 303 1119 rasque
336 1069 799 1122 quinquagintaiemes
831 1085 918 1113 nav
923 1085 966 1114 es
1004 1073 1222 1115 habuisse.
1282 1074 1320 1113 ἶ
1324 1086 1371 1115 e1
1375 1075 1523 1116 borum
1555 1075 1915 1128 subsequentium

143 1132 231 1187 ὀψέ
270 1151 310 1176 τε
356 1135 432 1192 ἀφ’
465 1134 513 1178 οὗ
550 1138 802 1194 Ἀθηνᾱιαίοις
837 1141 1119 1196 Θειιιοτοκὶῇς
1159 1139 1329 1182 ἔπεισεν
1362 1174 1369 1181 .
1404 1175 1411 1182 .
1446 1175 1454 1182 .
1486 1143 1563 1192 τὰς
1606 1150 1702 1192 ιαῦς
1732 1144 1913 1198 ποιήσα-

143 1205 250 1244 σθαι
283 1201 440 1258 αἷσπερ
472 1206 541 1246 καὶ
574 1204 882 1263 ἑναιμάχπσαν,
915 1209 982 1249 καὶ
1017 1212 1141 1249 cebron
1172 1209 1296 1250 οὔπω
1338 1206 1453 1262 εἶχον
1495 1210 1565 1252 διὰ
1606 1212 1748 1267 πάσης
1788 1226 1913 1252 κατα-

141 1275 372 1325 στρώματα
403 1287 575 1318 3611311111
608 1281 727 1318 16016
769 1278 1023 1329 cognovisse
1064 1278 1170 1320 mihi
1211 1278 1390 1321 videtur
1422 1279 1576 1332 Steup:
1619 1280 1913 1322 Athenienses

141 1345 232 1382 tam
265 1354 360 1384 sero
393 1348 494 1385 31116
528 1345 686 1386 1061111111
720 1345 952 1388 Persarum
986 1347 1291 1389 Themistoclis
1334 1348 1560 1390 consilium
1592 1352 1764 1391 secutos
1806 1360 1913 1401 esse,

140 1413 191 1450 ut
222 1423 306 1451 non
336 1411 425 1452 13111
458 1418 573 1463 ante.
606 1415 682 1455 sed
714 1414 758 1455 in
790 1415 867 1455 hoc
901 1414 1087 1466 denique
1129 1416 1241 1457 bello
1280 1416 1360 1458 illa
1391 1429 1550 1469 magna
1583 1417 1738 1459 classis
1778 1416 1913 1459 exsti·

141 1478 285 1530 tisset.
317 1492 446 1531 quam
478 1482 651 1533 quidem
685 1482 879 1534 vestigia
910 1483 1081 1534 priscae
1114 1484 1377 1526 aedificandi
1407 1485 1593 1527 rationis
1627 1484 1833 1527 habuisse
1863 1497 1912 1527 eo

142 1547 477 1601 demonstretur,
510 1551 623 1600 quod
646 1552 833 1592 nondum
856 1552 910 1592 ad
934 1564 1062 1593 unam
1087 1564 1236 1593 omnes
1259 1551 1347 1604 (διὰ
1369 1553 1513 1607 πάσης
1539 1553 1912 1607 „durchgangig“)

139 1627 277 1657 naves
310 1621 561 1659 constratae
592 1618 794 1660 fuissent.
854 1619 1003 1671 Neque
1046 1632 1149 1662 vero
1190 1620 1302 1662 satis
1334 1621 1543 1673 intellego
1574 1622 1710 1663 verba
1742 1618 1828 1674 ὀψὲ
1859 1653 1868 1661 .
1902 1650 1910 1661 .

139 1680 219 1736 ἀφ’
250 1679 309 1724 οὗ.
369 1684 545 1738 Kruger
575 1687 711 1728 verba
754 1686 830 1742 ἀφ’
864 1683 912 1727 οὗ
945 1688 1090 1730 delere
1122 1688 1274 1730 voluit.
1345 1689 1527 1731 Haacke
1570 1689 1734 1741 aliique
1775 1690 1912 1731 verba

138 1747 226 1802 ὀψέ
254 1765 297 1790 τε
331 1784 338 1792 .
373 1783 380 1791 .
414 1753 483 1793 καὶ
516 1750 638 1794 αὗται
670 1755 969 1808 coniungenda
1003 1769 1098 1798 esse
1129 1761 1302 1809 putant,
1338 1770 1466 1809 quam
1498 1758 1911 1810 interpretationem

139 1824 261 1861 recte
291 1821 466 1874 Kriiger
506 1828 684 1874 propter
725 1824 931 1866 duritiam
964 1825 1174 1867 sermonis
1216 1830 1261 1867 et
1291 1825 1426 1878 Steup
1458 1832 1691 1878 propterea
1731 1825 1912 1879 refutat,

141 1889 253 1938 quod
275 1891 524 1941 exspectari
546 1904 628 1933 11011
652 1896 810 1944 posset,
842 1898 891 1934 ut
913 1906 1114 1945 magnam
1138 1894 1473 1936 Atheniensium
1497 1896 1682 1936 classem
1703 1894 1911 1936 habuisse

138 1955 256 1998 vitia
286 1958 366 1999 hoc
397 1959 488 2000 loco
520 1966 750 2012 tantopere
784 1960 1039 2002 affirmetur.
1099 1961 1280 2004 Classen
1313 1974 1334 2003 e
1367 1975 1532 2004 conexu
1563 1963 1793 2005 verborum
1825 1960 1910 2015 ὀψὲ

140 2019 182 2070 ἐς
213 2022 236 2064 ὅ
277 2032 321 2066 61
363 2025 411 2065 οἰ·
442 2026 576 2075 πολὺς
615 2027 764 2078 χρόνος
805 2028 881 2082 ἀφ’
923 2025 971 2069 οὗ
1001 2031 1081 2071 1100
1112 2027 1196 2082 ὀψὲ
1237 2028 1314 2085 ἀφ’
1356 2026 1403 2070 οὗ
1445 2031 1674 2072 exstitisse
1714 2030 1911 2073 coniecit.

141 2090 277 2144 Steup
311 2095 459 2136 verbis
492 2093 568 2150 ἀφ’
601 2091 648 2135 οὗ
680 2097 727 2138 id
752 2097 960 2149 temporis
982 2102 1243 2139 momentum
1276 2098 1518 2151 significari
1540 2098 1826 2151 existimavit,
1858 2111 1912 2140 ex

141 2172 223 2211 quo
256 2161 571 2206 Themistocles
604 2164 789 2216 primum
821 2177 959 2207 naves
991 2165 1288 2208 aedificandas
1321 2166 1524 2209 suaserit.
1583 2166 1694 2208 Mihi
1725 2167 1911 2219 quidem,

140 2241 234 2270 cum
277 2229 447 2272 difficili
484 2233 575 2274 1000
616 2234 752 2274 verba
793 2232 992 2276 difficilia
1033 2235 1177 2276 delere
1215 2235 1422 2287 dubitem,
1464 2235 1641 2278 meliore
1681 2235 1911 2277 deficiente

137 2297 338 2339 Classeni
378 2299 690 2352 interpretatio
731 2302 972 2353 probabilis
1014 2302 1212 2356 Videtur,
1252 2303 1514 2355 praesertim
1555 2316 1650 2346 cum
1692 2303 1824 2345 etiam
1864 2303 1910 2345 in

139 2366 287 2418 capite
319 2367 418 2419 XX,
451 2370 473 2409 1
506 2370 644 2410 verba
675 2368 845 2420 χαλεπὰ
877 2369 979 2410 ὄντα
1013 2400 1020 2408 .
1056 2402 1064 2410 .
1099 2402 1106 2409 .
1139 2377 1363 2411 πιστεῦσαι
1395 2371 1527 2413 31111111
1567 2373 1689 2414 modo
1731 2373 1908 2414 duorum

140 2435 512 2477 constructionum
544 2437 741 2490 συγχύσει
782 2438 1010 2480 exstitisse
1048 2439 1440 2481 demonstraverim
1482 2439 1551 2492 (cf.
1583 2451 1716 2491 supra
1755 2452 1795 2491 p.
1829 2440 1909 2493 13).

255 2503 531 2558 Thucydides
562 2512 792 2556 postquam
831 2507 886 2548 ad
916 2507 1053 2548 verba
1086 2506 1246 2559 capitis
1277 2507 1402 2559 XIII,
1435 2509 1458 2549 1
1501 2508 1674 2547 ναυτικά
1713 2521 1758 2547 τε
1788 2505 1908 2562 ἐξηρ-

138 2569 258 2610 τύετο
292 2570 311 2623 ἡ
346 2570 491 2620 Ἑλλάς
512 2573 774 2626 explicanda
805 2587 942 2627 usque
965 2575 1019 2616 ad
1041 2575 1169 2617 finem
1191 2575 1351 2627 capitis
1371 2575 1481 2617 XIV
1503 2575 1701 2628 singulas
1722 2576 1908 2618 maiores

139 2638 302 2681 classes
325 2641 612 2683 enumeravit.
642 2654 713 2684 res
735 2647 886 2694 gestas
908 2643 1122 2696 narravit,
1155 2643 1473 2695 magnitudinis
1494 2643 1703 2685 iudicium
1726 2643 1908 2696 addidit,

139 2706 248 2748 haec
279 2708 421 2749 omnia
455 2709 614 2761 capitis
646 2710 729 2750 XV
761 2712 1040 2763 paragrapho
1075 2714 1092 2752 1
1130 2711 1301 2764 colligit
1333 2715 1465 2764 atque
1497 2711 1824 2764 comprehendit
1861 2711 1907 2754 in

138 2775 217 2815 hoc
240 2775 469 2818 iudicium:
499 2776 761 2819 Graecorum
783 2778 903 2820 illius
927 2779 1091 2821 aetatis
1115 2781 1279 2821 classes
1300 2792 1384 2821 11011
1406 2779 1470 2822 ita
1491 2791 1674 2832 magnas
1695 2779 1831 2821 fuisse
1854 2804 1906 2809 —

259 2900 281 2942 ¹)
308 2899 465 2943 Philippi
492 2901 527 2934 in
553 2902 642 2935 Mus.
668 2902 781 2937 Rhen.
807 2902 962 2938 XXXVI
990 2903 1106 2948 (1881)
1139 2914 1172 2946 p.
1199 2904 1324 2947 245sq.
1358 2908 1454 2939 recte
1480 2903 1645 2947 exposuit
1677 2903 1807 2938 additis
1831 2903 1908 2946 plu-

138 2955 237 2989 rimis
263 2955 433 2991 Herodoti
460 2960 495 2992 et-
521 2958 745 3001 Thucydidis
770 2969 856 2993 usus
882 2960 1065 3004 exemplis,
1091 2958 1196 2992 πλοῑα
1221 2973 1246 3002 μ
1261 2963 1375 3004 ακρά
1399 2971 1471 2995 11011
1495 2959 1672 2995 contraria
1705 2970 1780 2994 esse
1805 2959 1906 3003 quin-

136 3012 472 3056 quagintaremibus
497 3014 627 3048 nedum
653 3015 857 3050 triremibus
883 3016 1045 3060 navibus,
1079 3017 1200 3060 itaque
1227 3021 1322 3052 certo
1356 3027 1434 3051 cum
1467 3017 1632 3060 Kriigero
1669 3016 1815 3051 verbum
1839 3029 1906 3058 μα-

139 3077 244 3112 κροῖς,
271 3069 337 3103 nisi
364 3071 455 3103 forte
480 3073 537 3101 καὶ
563 3070 693 3105 πλοίοις
717 3081 875 3114 μακροῖς.
902 3073 1090 3108 delendum
1117 3084 1203 3108 esse.
