2061 3337
834 160 1117 201 „49-

45 269 49 273 ’
88 284 221 319 ποῦσι
262 276 442 333 δηλώσει
482 274 639 329 μείζων
679 275 948 329 γεγενημένος
989 270 1128 312 αὐτῶν
1172 270 1336 313 additis
1377 268 1520 321 operis
1562 267 1628 309 sui
1672 264 1857 308 conscri-

89 347 220 389 bendi
251 345 508 388 rationibus.

204 414 288 456 Sed
320 414 397 455 hoc
429 425 585 455 novum
616 411 878 465 prooemium
910 422 994 452 non
1027 412 1096 451 est
1138 408 1391 459 perfectum.
1451 405 1632 446 Lacuna
1662 406 1730 445 est
1760 405 1858 454 post

91 486 223 534 caput
255 482 377 535 XIX,
418 481 494 524 ubi
527 482 578 522 de
612 480 715 522 belli
746 481 977 521 Persarum
1018 476 1183 519 aetatis
1214 473 1519 527 magnitudine
1560 471 1773 524 expositio
1814 472 1860 511 et

91 550 299 592 iudicium
322 551 455 592 deest.
494 550 625 591 Porro
649 555 780 600 caput
801 547 887 588 VII
910 550 1062 599 postea
1085 544 1353 596 adscriptum
1376 553 1517 593 neque
1538 538 1862 583 sententiarum

90 618 235 661 ordini
266 618 471 660 innexum
512 620 590 660 est.
667 617 810 669 Atque
852 615 985 657 etiam
1027 613 1188 665 capitis
1226 611 1335 652 VIII
1373 608 1678 662 paragraphus
1713 609 1732 648 1
1776 618 1860 648 non

90 686 265 728 intexta
295 691 363 728 est
394 685 712 728 sententiarum
744 683 886 726 ordini
918 687 962 725 et
992 682 1182 724 fortasse
1213 692 1236 722 e
1267 678 1441 721 schedis
1472 675 1742 730 Thucydidis
1773 685 1863 716 ser-

90 759 208 797 vata.
268 754 466 807 Denique
500 754 632 796 etiam
665 752 825 805 capitis
856 751 988 793 XVII
1017 750 1154 792 verba
1186 745 1227 788 οἱ
1257 746 1337 801 γὰρ
1370 749 1413 786 ἐν
1435 746 1606 798 Σικελίᾳ
1636 740 1712 784 ἐπὶ
1743 741 1861 782 πλεῖ-

92 836 193 863 στον
224 819 442 878 ἐχώρησαν
474 821 692 874 δυνάμεως
723 820 885 873 capitis
917 818 1072 861 XVIII
1114 816 1241 859 initio
1271 814 1460 857 fortasse
1495 814 1548 855 ab
1581 814 1756 854 auctore
1789 811 1861 852 ad·

92 892 259 944 scripta
288 892 334 934 in
367 892 479 933 hunc
501 891 650 944 locum,
682 902 764 942 quo
787 894 906 931 certo
937 900 1020 929 non
1042 886 1280 939 pertinent,
1311 884 1423 925 falso
1445 880 1717 933 transposita
1749 883 1863 920 sunt.

206 960 365 1002 Restat
397 963 446 1002 ut
477 959 674 1001 breviter
714 959 765 999 de
807 961 1000 1008 tempore
1032 965 1211 1007 agamus
1245 964 1326 1004 quo
1364 949 1642 1004 Thucydides
1675 951 1719 989 et
1752 946 1862 989 anti-

94 1040 224 1080 quum
269 1028 556 1081 prooemium,
607 1039 661 1068 ex
702 1038 784 1078 quo
830 1031 963 1077 caput
1002 1022 1162 1064 XXIII
1203 1024 1427 1063 servatum
1470 1021 1559 1069 est,
1611 1021 1655 1059 et
1707 1027 1863 1057 novum

94 1096 355 1149 prooemium
398 1094 718 1148 conscripserit.
786 1094 909 1135 Haec
940 1094 1022 1134 duo
1053 1090 1271 1143 prooemia
1304 1092 1407 1129 ante
1441 1098 1597 1129 annum
1642 1098 1678 1126 a.
1710 1083 1750 1125 C.
1781 1082 1865 1124 404

95 1165 261 1217 scripta
293 1177 388 1207 esse
418 1164 503 1206 iam
536 1164 638 1205 inde
671 1167 868 1215 apparet,
905 1161 1017 1212 quod
1049 1159 1094 1201 in
1125 1159 1236 1200 libro
1267 1157 1305 1199 V
1339 1154 1598 1209 prooemium
1631 1152 1866 1194 secundum

97 1234 208 1286 quod
240 1232 402 1275 dicitur
435 1232 614 1284 scripsit
646 1234 814 1282 auctor3
858 1229 1009 1282 itaque
1052 1240 1145 1269 cum
1185 1229 1230 1268 et
1271 1226 1315 1267 in
1359 1223 1503 1276 capite
1534 1220 1694 1263 XXIII
1736 1223 1779 1261 et
1820 1218 1865 1259 in

97 1301 314 1353 capitibus
345 1301 471 1354 XIII,
502 1301 539 1342 3.
560 1301 587 1342 4
619 1303 664 1342 et
689 1299 856 1346 XVIII,
880 1300 902 1340 1
935 1296 1250 1349 longitudinem
1284 1298 1328 1335 et
1349 1292 1475 1334 finem
1509 1289 1613 1332 belli
1645 1287 1866 1341 cognitum

95 1372 243 1423 ponat,
273 1381 369 1411 eum
390 1370 443 1411 de
466 1369 578 1411 bello
601 1369 746 1411 decem
771 1379 978 1409 annorum
1001 1369 1046 1407 et
1068 1366 1121 1406 de
1142 1363 1296 1405 Niciae
1328 1372 1434 1414 pace
1461 1359 1656 1412 cogitare
1688 1367 1866 1398 necesse

97 1441 164 1480 est
205 1436 273 1490 (cf.
305 1437 486 1489 Ullrich,
517 1436 652 1479 Beitr.
693 1449 771 1478 zur
801 1435 923 1477 Erkl.
956 1435 1030 1476 des
1062 1432 1201 1475 Thuk.
1243 1445 1280 1483 p.
1311 1430 1466 1481 48sqq.
1497 1431 1541 1470 et
1572 1426 1721 1478 Steup,
1751 1424 1867 1466 Einl.

95 1518 137 1558 p.
165 1506 368 1558 XXXV).

213 1574 355 1627 Caput
384 1574 544 1616 XXIII
578 1578 724 1616 autem
757 1576 860 1615 ante
900 1571 1027 1613 finem
1060 1567 1353 1622 expeditionis
1385 1564 1627 1608 Siciliensis
1658 1562 1867 1614 scriptum

99 1655 195 1686 esse
226 1644 384 1686 exinde
416 1642 778 1685 verisimillimum
811 1653 908 1683 esse
940 1639 1109 1682 Ullrich
1142 1641 1262 1679 recte
1294 1635 1418 1687 dixit,
1451 1634 1563 1686 quod
1590 1630 1868 1683 Thucydides

98 1712 201 1755 80118
224 1711 490 1754 defectiones
513 1710 686 1763 quidem
707 1708 975 1762 perniciosas
996 1710 1217 1759 memorat,
1249 1706 1379 1746 lunae
1402 1707 1547 1745 autem
1571 1699 1869 1749 defectionem,

99 1793 226 1832 quam
259 1780 303 1822 in
336 1779 421 1822 fine
457 1779 577 1821 illius
609 1777 903 1831 expeditionis
935 1773 1348 1828 perniciosissimam
1390 1770 1526 1813 fuisse
1568 1769 1662 1821 ipse
1704 1768 1869 1816 narrat.

98 1849 216 1891 nullo
247 1850 369 1891 modo
399 1853 619 1890 memorat.
680 1847 814 1888 Aliud
847 1845 959 1897 quod
985 1844 1121 1895 Steup
1154 1843 1361 1895 (Anhang
1393 1852 1428 1891 p.
1452 1838 1550 1891 356)
1585 1836 1708 1879 addit
1741 1847 1869 1886 argu-

99 1922 303 1970 mentum,
334 1917 378 1959 in
409 1916 558 1959 verbis
590 1921 772 1967 σεισμῶν
802 1928 847 1954 τε
878 1915 982 1966 πέρι
1013 1911 1054 1951 οἳ
1084 1908 1161 1951 ἐπὶ
1188 1909 1392 1950 πλεῖστον
1424 1906 1512 1959 ἅμα
1542 1907 1669 1958 μέρος
1699 1908 1771 1957 γῆς
1798 1900 1869 1941 καὶ

102 1983 371 2040 ἰσχυρότατοι
403 1983 444 2025 οἱ
475 1982 596 2024 αὐτοὶ
628 1980 811 2033 ἐπέσχον
851 1986 998 2023 terrae
1029 1983 1189 2022 motum
1230 1978 1272 2019 in
1307 1977 1454 2019 insula
1486 1974 1568 2016 Coo
1601 1985 1712 2015 anno
1744 1971 1866 2022 412ss

99 2053 263 2096 factum
315 2066 399 2095 non
444 2052 693 2105 memorari,
739 2062 997 2103 quamquam
1045 2048 1082 2090 si
1129 2048 1214 2089 iam
1256 2043 1502 2098 Thucydidi
1545 2046 1671 2084 notus
1712 2039 1871 2082 fuisset

101 2122 400 2175 praetermitti
442 2134 524 2164 non
567 2120 804 2173 potuisset,
844 2118 951 2160 mihi
992 2130 1076 2158 non
1118 2115 1229 2158 satis
1270 2126 1407 2167 grave
1449 2112 1638 2154 videtur.
1708 2109 1871 2150 Tamen

102 2194 222 2233 recte
255 2190 389 2242 Steup
421 2203 443 2232 e
477 2189 636 2232 ceteris
668 2188 828 2240 capitis
859 2185 1019 2228 XXIII
1053 2184 1201 2227 verbis
1244 2181 1441 2235 cognosci
1474 2192 1555 2221 non
1588 2190 1712 2231 posse
1747 2174 1871 2228 dixit,

103 2264 249 2302 utrum
280 2260 440 2300 bellum
473 2259 619 2300 decem
651 2269 859 2299 annorum
898 2267 951 2296 an
993 2252 1156 2306 viginti
1199 2256 1364 2304 septeni
1407 2260 1614 2291 annorum
1645 2247 1690 2287 in
1733 2244 1872 2286 animo

104 2328 310 2370 habuerit
342 2326 633 2380 Thucydides.
692 2325 850 2375 Itaque
887 2322 1113 2374 antiquum
1154 2319 1416 2372 prooemium
1449 2317 1564 2358 inter
1597 2326 1731 2357 annos
1764 2326 1799 2354 a.
1831 2311 1873 2353 G.

104 2397 186 2438 421
220 2400 264 2438 et
295 2396 378 2437 413
410 2394 621 2446 scriptum
653 2405 748 2435 esse
779 2391 1118 2434 concludendum
1151 2393 1229 2430 est.

221 2464 387 2506 Novum
426 2461 687 2515 prooemium
730 2473 824 2503 cum
871 2457 1173 2510 archaeologia
1215 2460 1317 2498 ante
1350 2466 1508 2496 annum
1539 2452 1621 2494 404
1663 2450 1873 2501 scriptum

107 2545 203 2575 esse
236 2537 410 2585 praeter
439 2532 532 2573 loca
564 2530 686 2572 modo
717 2532 954 2571 memorata
986 2526 1118 2568 etiam
1151 2524 1312 2576 capitis
1343 2523 1396 2570 X,
1418 2523 1442 2563 2
1476 2521 1611 2563 verba
1643 2518 1875 2572 Ἀθηναίων

108 2599 153 2642 δὲ
184 2599 232 2641 τὸ
265 2598 365 2640 αὐτὸ
396 2606 520 2639 τοῦτο
550 2597 788 2638 παθόντων
830 2595 1060 2636 διπλασίαν
1090 2593 1142 2633 ἂν
1171 2592 1245 2647 τὴν
1278 2590 1454 2642 δύναμιν
1494 2587 1743 2638 εἰκάζεσθαι
1786 2582 1874 2623 ἀπὸ

106 2675 179 2724 τῆς
209 2674 398 2724 φανερᾶς
429 2666 576 2720 ὄψεως
605 2672 679 2721 τῆς
710 2663 875 2712 πόλεως
913 2661 932 2715 ἴ)
966 2660 1120 2703 ἔστιν
1152 2663 1464 2703 demonstrant.
1506 2658 1549 2698 id
1591 2656 1703 2707 quod
1745 2653 1876 2695 etiam

109 2737 245 2789 Steup
277 2736 483 2788 (Anhang
506 2748 541 2788 p.
564 2735 662 2788 342)
695 2733 821 2784 dicit;
854 2743 1030 2773 necesse
1062 2731 1172 2772 enim
1208 2733 1275 2771 est
1299 2727 1595 2779 Thucydidem
1628 2725 1680 2764 de
1712 2732 1877 2764 summa

109 2805 380 2847 Athenarum
414 2803 614 2856 potentia
647 2803 803 2853 dicere,
835 2813 928 2842 cum
971 2799 1104 2840 etiam
1146 2811 1168 2839 e
1200 2796 1338 2838 ruinis
1383 2794 1595 2846 duplicem
1638 2789 1877 2844 potentiam

111 2873 309 2916 concludi
358 2884 483 2926 posse
536 2870 735 2913 affirmet.
823 2868 926 2910 Cum
979 2880 1080 2909 vero
1132 2866 1264 2908 etiam
1307 2877 1388 2906 non
1432 2863 1549 2905 aliud
1594 2861 1749 2902 bellum
1794 2855 1878 2897 nisi

111 2942 256 2984 decem
299 2953 506 2983 annorum
548 2939 845 2993 Thucydidem
897 2937 941 2978 in
984 2936 1126 2978 animo
1168 2935 1328 2976 habere
1371 2930 1727 2979 concluserimus,
1779 2926 1879 2968 huic

112 3009 360 3052 sententiae
391 3019 638 3061 repugnare
668 3007 875 3048 videntur
905 3005 1041 3046 verba
1074 3003 1234 3055 capitis
1267 3002 1286 3043 I
1320 3000 1387 3040 καὶ
1419 3002 1535 3053 μέρει
1566 2998 1645 3037 τινὶ
1679 3003 1762 3036 τῶν
1782 2998 1878 3046 βαρ-

112 3078 257 3131 βάρων
287 3075 346 3125 ὡς
378 3076 422 3117 δὲ
454 3076 589 3117 εἰπεῖν
621 3075 689 3115 καὶ
723 3072 795 3115 ἐπὶ
820 3073 1020 3114 πλεῖστον
1052 3070 1313 3124 ἀνθρώπων,
1347 3071 1398 3110 (10
1422 3068 1578 3120 quibus
1602 3079 1731 3117 supra
1768 3078 1801 3115 p.
1829 3064 1880 3104 10
