<?xml version="1.0" encoding="UTF-8"?>
<!DOCTYPE html PUBLIC "-//W3C//DTD XHTML 1.0 Transitional//EN"
    "http://www.w3.org/TR/xhtml1/DTD/xhtml1-transitional.dtd">
<html xmlns="http://www.w3.org/1999/xhtml" xml:lang="en" lang="en">
 <head>
  <title>
</title>
<meta http-equiv="Content-Type" content="text/html;charset=utf-8" />
  <meta name='ocr-system' content='tesseract 3.04.00' />
  <meta name='ocr-capabilities' content='ocr_page ocr_carea ocr_par ocr_line ocrx_word'/>
</head>
<body>
  <div class='ocr_page' id='page_1' title='image "./dethucydidisproo00hpuoft_0023.png"; bbox 0 0 2061 3337; ppageno 0'>
   <div class='ocr_carea' id='block_1_1' title="bbox 813 131 1082 172">
    <p class='ocr_par' dir='ltr' id='par_1_1' title="bbox 813 131 1082 172">
     <span class='ocr_line' id='line_1_1' title="bbox 813 131 1082 172; baseline -0.004 -12"><span class='ocrx_word' id='word_1_1' title='bbox 813 131 1082 172; x_wconf 63' lang='lat'>„21—</span> 
     </span>
    </p>
   </div>
   <div class='ocr_carea' id='block_1_2' title="bbox 0 237 1840 2618">
    <p class='ocr_par' dir='ltr' id='par_1_2' title="bbox 0 237 1831 907">
     <span class='ocr_line' id='line_1_2' title="bbox 54 237 1829 300; baseline -0.008 -9"><span class='ocrx_word' id='word_1_2' title='bbox 54 248 172 291; x_wconf 78' lang='lat' dir='ltr'>satis</span> <span class='ocrx_word' id='word_1_3' title='bbox 204 247 416 300; x_wconf 79' lang='lat' dir='ltr'>exposuit,</span> <span class='ocrx_word' id='word_1_4' title='bbox 449 244 611 289; x_wconf 65' lang='lat' dir='ltr'>auctor*</span> <span class='ocrx_word' id='word_1_5' title='bbox 623 250 802 298; x_wconf 88' lang='lat' dir='ltr'>propter</span> <span class='ocrx_word' id='word_1_6' title='bbox 823 256 897 286; x_wconf 88' lang='lat' dir='ltr'>eas</span> <span class='ocrx_word' id='word_1_7' title='bbox 919 243 1109 286; x_wconf 81' lang='lat' dir='ltr'>Graecos</span> <span class='ocrx_word' id='word_1_8' title='bbox 1130 241 1209 283; x_wconf 89' lang='lat' dir='ltr'>illa</span> <span class='ocrx_word' id='word_1_9' title='bbox 1242 243 1391 282; x_wconf 89' lang='lat' dir='ltr'>aetate</span> <span class='ocrx_word' id='word_1_10' title='bbox 1421 251 1502 281; x_wconf 90' lang='lat' dir='ltr'>non</span> <span class='ocrx_word' id='word_1_11' title='bbox 1537 237 1718 279; x_wconf 88' lang='lat' dir='ltr'>multum</span> <span class='ocrx_word' id='word_1_12' title='bbox 1752 247 1829 276; x_wconf 89' lang='lat' dir='ltr'>va-</span> 
     </span>
     <span class='ocr_line' id='line_1_3' title="bbox 61 304 1826 365; baseline -0.01 -6"><span class='ocrx_word' id='word_1_13' title='bbox 61 316 197 358; x_wconf 80' lang='lat' dir='ltr'>luisse</span> <span class='ocrx_word' id='word_1_14' title='bbox 220 315 344 358; x_wconf 82' lang='lat' dir='ltr'>dicit:</span> <span class='ocrx_word' id='word_1_15' title='bbox 365 313 437 355; x_wconf 87' lang='grc' dir='ltr'><em>καὶ</em></span> <span class='ocrx_word' id='word_1_16' title='bbox 459 312 514 354; x_wconf 77' lang='grc' dir='ltr'>δι’</span> <span class='ocrx_word' id='word_1_17' title='bbox 536 312 639 354; x_wconf 80' lang='grc' dir='ltr'><em>αὐτὸ</em></span> <span class='ocrx_word' id='word_1_18' title='bbox 661 313 754 353; x_wconf 78' lang='grc' dir='ltr'><em>οὔτε</em></span> <span class='ocrx_word' id='word_1_19' title='bbox 775 313 954 365; x_wconf 75' lang='grc' dir='ltr'><em>μεγέθει</em></span> <span class='ocrx_word' id='word_1_20' title='bbox 975 310 1145 351; x_wconf 83' lang='grc' dir='ltr'><em>πόλεων</em></span> <span class='ocrx_word' id='word_1_21' title='bbox 1164 307 1310 360; x_wconf 77' lang='grc' dir='ltr'><em>ἴσχυον</em></span> <span class='ocrx_word' id='word_1_22' title='bbox 1343 306 1440 347; x_wconf 76' lang='grc' dir='ltr'><em>οὔτε</em></span> <span class='ocrx_word' id='word_1_23' title='bbox 1469 313 1517 360; x_wconf 80' lang='grc' dir='ltr'>τῇ</span> <span class='ocrx_word' id='word_1_24' title='bbox 1550 304 1652 359; x_wconf 82' lang='grc' dir='ltr'><em>ἄλλῃ</em></span> <span class='ocrx_word' id='word_1_25' title='bbox 1687 317 1826 357; x_wconf 78' lang='grc' dir='ltr'><em>παρα-</em></span> 
     </span>
     <span class='ocr_line' id='line_1_4' title="bbox 56 373 1827 438; baseline -0.006 -14"><span class='ocrx_word' id='word_1_26' title='bbox 56 390 203 438; x_wconf 76' lang='grc' dir='ltr'><em>σκευῇ.</em></span> <span class='ocrx_word' id='word_1_27' title='bbox 265 382 497 425; x_wconf 80' lang='lat' dir='ltr'>Sententia</span> <span class='ocrx_word' id='word_1_28' title='bbox 529 384 637 424; x_wconf 89' lang='lat' dir='ltr'>haec</span> <span class='ocrx_word' id='word_1_29' title='bbox 668 384 736 424; x_wconf 87' lang='lat' dir='ltr'>est</span> <span class='ocrx_word' id='word_1_30' title='bbox 767 379 1032 433; x_wconf 76' lang='lat' dir='ltr'>gravissima</span> <span class='ocrx_word' id='word_1_31' title='bbox 1055 378 1190 420; x_wconf 88' lang='lat' dir='ltr'>totius</span> <span class='ocrx_word' id='word_1_32' title='bbox 1221 375 1381 429; x_wconf 87' lang='lat' dir='ltr'>capitis</span> <span class='ocrx_word' id='word_1_33' title='bbox 1412 375 1468 426; x_wconf 78' lang='lat' dir='ltr'>II,</span> <span class='ocrx_word' id='word_1_34' title='bbox 1501 387 1595 417; x_wconf 89' lang='lat' dir='ltr'>cum</span> <span class='ocrx_word' id='word_1_35' title='bbox 1627 373 1682 425; x_wconf 81' lang='lat' dir='ltr'>id,</span> <span class='ocrx_word' id='word_1_36' title='bbox 1715 373 1827 424; x_wconf 91' lang='lat' dir='ltr'>quod</span> 
     </span>
     <span class='ocr_line' id='line_1_5' title="bbox 63 441 1829 498; baseline -0.007 -4"><span class='ocrx_word' id='word_1_37' title='bbox 63 456 218 494; x_wconf 78' lang='lat' dir='ltr'>auctor</span> <span class='ocrx_word' id='word_1_38' title='bbox 253 453 305 493; x_wconf 92' lang='lat' dir='ltr'>de</span> <span class='ocrx_word' id='word_1_39' title='bbox 336 450 533 493; x_wconf 89' lang='lat' dir='ltr'>omnibus</span> <span class='ocrx_word' id='word_1_40' title='bbox 565 451 696 492; x_wconf 90' lang='lat' dir='ltr'>rebus</span> <span class='ocrx_word' id='word_1_41' title='bbox 729 455 833 492; x_wconf 86' lang='lat' dir='ltr'>ant-e</span> <span class='ocrx_word' id='word_1_42' title='bbox 864 449 1023 490; x_wconf 90' lang='lat' dir='ltr'>bellum</span> <span class='ocrx_word' id='word_1_43' title='bbox 1047 444 1461 498; x_wconf 78' lang='lat' dir='ltr'>Peloponnesiacum</span> <span class='ocrx_word' id='word_1_44' title='bbox 1485 442 1622 495; x_wconf 80' lang='lat' dir='ltr'>gestis</span> <span class='ocrx_word' id='word_1_45' title='bbox 1645 441 1829 493; x_wconf 89' lang='lat' dir='ltr'>probare</span> 
     </span>
     <span class='ocr_line' id='line_1_6' title="bbox 59 508 1829 571; baseline -0.007 -9"><span class='ocrx_word' id='word_1_46' title='bbox 59 520 223 562; x_wconf 87' lang='lat' dir='ltr'>voluit.</span> <span class='ocrx_word' id='word_1_47' title='bbox 280 531 354 562; x_wconf 90' lang='lat' dir='ltr'>eas</span> <span class='ocrx_word' id='word_1_48' title='bbox 410 530 593 571; x_wconf 84' lang='lat' dir='ltr'>magnas</span> <span class='ocrx_word' id='word_1_49' title='bbox 644 530 727 559; x_wconf 90' lang='lat' dir='ltr'>non</span> <span class='ocrx_word' id='word_1_50' title='bbox 779 516 936 569; x_wconf 82' lang='lat' dir='ltr'>fuisse,</span> <span class='ocrx_word' id='word_1_51' title='bbox 982 515 1051 556; x_wconf 91' lang='lat' dir='ltr'>hic</span> <span class='ocrx_word' id='word_1_52' title='bbox 1098 515 1149 555; x_wconf 90' lang='lat' dir='ltr'>de</span> <span class='ocrx_word' id='word_1_53' title='bbox 1197 511 1514 564; x_wconf 81' lang='lat' dir='ltr'>antiquissimis</span> <span class='ocrx_word' id='word_1_54' title='bbox 1561 508 1829 561; x_wconf 84' lang='lat' dir='ltr'>temporibus</span> 
     </span>
     <span class='ocr_line' id='line_1_7' title="bbox 56 576 1831 639; baseline -0.007 -9"><span class='ocrx_word' id='word_1_55' title='bbox 56 588 316 630; x_wconf 82' lang='lat' dir='ltr'>affirmetur.</span> <span class='ocrx_word' id='word_1_56' title='bbox 383 585 521 639; x_wconf 84' lang='lat' dir='ltr'>Quam</span> <span class='ocrx_word' id='word_1_57' title='bbox 564 585 829 627; x_wconf 87' lang='lat' dir='ltr'>sententiam</span> <span class='ocrx_word' id='word_1_58' title='bbox 871 582 1164 636; x_wconf 78' lang='lat' dir='ltr'>paragraphis</span> <span class='ocrx_word' id='word_1_59' title='bbox 1206 580 1539 632; x_wconf 77' lang='lat' dir='ltr'>insequentibus</span> <span class='ocrx_word' id='word_1_60' title='bbox 1582 576 1831 620; x_wconf 83' lang='lat' dir='ltr'>accuratius</span> 
     </span>
     <span class='ocr_line' id='line_1_8' title="bbox 60 646 1829 706; baseline -0.007 -9"><span class='ocrx_word' id='word_1_61' title='bbox 60 655 393 702; x_wconf 85' lang='lat' dir='ltr'>circumscribit,</span> <span class='ocrx_word' id='word_1_62' title='bbox 437 666 529 695; x_wconf 90' lang='lat' dir='ltr'>cum</span> <span class='ocrx_word' id='word_1_63' title='bbox 564 654 605 695; x_wconf 92' lang='lat' dir='ltr'>in</span> <span class='ocrx_word' id='word_1_64' title='bbox 638 653 799 706; x_wconf 89' lang='lat' dir='ltr'>optimo</span> <span class='ocrx_word' id='word_1_65' title='bbox 832 664 1000 704; x_wconf 87' lang='lat' dir='ltr'>quoque</span> <span class='ocrx_word' id='word_1_66' title='bbox 1042 663 1146 703; x_wconf 87' lang='lat' dir='ltr'>agro</span> <span class='ocrx_word' id='word_1_67' title='bbox 1178 649 1390 702; x_wconf 84' lang='lat' dir='ltr'>plurimas</span> <span class='ocrx_word' id='word_1_68' title='bbox 1421 648 1558 689; x_wconf 86' lang='lat' dir='ltr'>fuisse</span> <span class='ocrx_word' id='word_1_69' title='bbox 1591 646 1829 687; x_wconf 89' lang='lat' dir='ltr'>incolarum</span> 
     </span>
     <span class='ocr_line' id='line_1_9' title="bbox 60 714 1830 774; baseline -0.007 -8"><span class='ocrx_word' id='word_1_70' title='bbox 60 723 423 766; x_wconf 85' lang='lat' dir='ltr'>commutationes</span> <span class='ocrx_word' id='word_1_71' title='bbox 467 722 656 774; x_wconf 75' lang='lat' dir='ltr'>exponit,</span> <span class='ocrx_word' id='word_1_72' title='bbox 703 733 814 772; x_wconf 91' lang='lat' dir='ltr'>quae</span> <span class='ocrx_word' id='word_1_73' title='bbox 855 720 1033 761; x_wconf 87' lang='lat' dir='ltr'>interna</span> <span class='ocrx_word' id='word_1_74' title='bbox 1074 719 1290 760; x_wconf 90' lang='lat' dir='ltr'>seditione</span> <span class='ocrx_word' id='word_1_75' title='bbox 1331 722 1376 758; x_wconf 84' lang='lat' dir='ltr'>et</span> <span class='ocrx_word' id='word_1_76' title='bbox 1418 720 1598 758; x_wconf 88' lang='lat' dir='ltr'>externo</span> <span class='ocrx_word' id='word_1_77' title='bbox 1641 714 1830 755; x_wconf 83' lang='lat' dir='ltr'>hostium</span> 
     </span>
     <span class='ocr_line' id='line_1_10' title="bbox 0 782 1830 850; baseline -0.007 -16"><span class='ocrx_word' id='word_1_78' title='bbox 0 827 1 850; x_wconf 69' lang='lat'><em>÷</em></span> <span class='ocrx_word' id='word_1_79' title='bbox 56 792 228 844; x_wconf 87' lang='lat' dir='ltr'>impetu</span> <span class='ocrx_word' id='word_1_80' title='bbox 278 795 518 833; x_wconf 87' lang='lat' dir='ltr'>orerentur.</span> <span class='ocrx_word' id='word_1_81' title='bbox 599 788 731 831; x_wconf 89' lang='lat' dir='ltr'>Cuius</span> <span class='ocrx_word' id='word_1_82' title='bbox 784 788 941 830; x_wconf 90' lang='lat' dir='ltr'>iterum</span> <span class='ocrx_word' id='word_1_83' title='bbox 994 787 1057 829; x_wconf 85' lang='lat' dir='ltr'>rei</span> <span class='ocrx_word' id='word_1_84' title='bbox 1111 788 1414 839; x_wconf 80' lang='lat' dir='ltr'>argumentum</span> <span class='ocrx_word' id='word_1_85' title='bbox 1468 784 1670 834; x_wconf 70' lang='lat' dir='ltr'>affertur,</span> <span class='ocrx_word' id='word_1_86' title='bbox 1721 782 1830 834; x_wconf 90' lang='lat' dir='ltr'>quod</span> 
     </span>
     <span class='ocr_line' id='line_1_11' title="bbox 0 851 1535 907; baseline -0.006 -5"><span class='ocrx_word' id='word_1_87' title='bbox 0 852 1 876; x_wconf 68' lang='lat'><em>³</em></span> <span class='ocrx_word' id='word_1_88' title='bbox 61 859 216 901; x_wconf 86' lang='lat' dir='ltr'>Attica</span> <span class='ocrx_word' id='word_1_89' title='bbox 247 871 330 901; x_wconf 88' lang='lat' dir='ltr'>non</span> <span class='ocrx_word' id='word_1_90' title='bbox 361 862 448 900; x_wconf 89' lang='lat' dir='ltr'>tam</span> <span class='ocrx_word' id='word_1_91' title='bbox 482 858 646 900; x_wconf 84' lang='lat' dir='ltr'>fertilis</span> <span class='ocrx_word' id='word_1_92' title='bbox 678 858 849 899; x_wconf 87' lang='lat' dir='ltr'>eosdem</span> <span class='ocrx_word' id='word_1_93' title='bbox 882 867 1054 907; x_wconf 86' lang='lat' dir='ltr'>semper</span> <span class='ocrx_word' id='word_1_94' title='bbox 1083 855 1248 896; x_wconf 89' lang='lat' dir='ltr'>incolas</span> <span class='ocrx_word' id='word_1_95' title='bbox 1282 851 1535 905; x_wconf 82' lang='lat' dir='ltr'>habuerit1).</span> 
     </span>
    </p>

    <p class='ocr_par' dir='ltr' id='par_1_3' title="bbox 54 917 1840 2618">
     <span class='ocr_line' id='line_1_12' title="bbox 177 917 1832 979; baseline -0.007 -10"><span class='ocrx_word' id='word_1_96' title='bbox 177 927 427 979; x_wconf 86' lang='lat' dir='ltr'>Sequuntur</span> <span class='ocrx_word' id='word_1_97' title='bbox 456 927 592 968; x_wconf 89' lang='lat' dir='ltr'>verba</span> <span class='ocrx_word' id='word_1_98' title='bbox 623 924 894 978; x_wconf 81' lang='lat' dir='ltr'>paragraphi</span> <span class='ocrx_word' id='word_1_99' title='bbox 926 924 952 965; x_wconf 88' lang='grc'>6</span> <span class='ocrx_word' id='word_1_100' title='bbox 975 922 1194 965; x_wconf 81' lang='lat' dir='ltr'>difficilia:</span> <span class='ocrx_word' id='word_1_101' title='bbox 1227 921 1297 961; x_wconf 80' lang='grc' dir='ltr'><em>καὶ</em></span> <span class='ocrx_word' id='word_1_102' title='bbox 1328 918 1602 974; x_wconf 70' lang='grc' dir='ltr'><em>παράδειγμα</em></span> <span class='ocrx_word' id='word_1_103' title='bbox 1632 917 1729 959; x_wconf 76' lang='grc' dir='ltr'><em>τόδε</em></span> <span class='ocrx_word' id='word_1_104' title='bbox 1758 923 1832 958; x_wconf 77' lang='grc' dir='ltr'>τοῦ</span> 
     </span>
     <span class='ocr_line' id='line_1_13' title="bbox 58 985 1830 1049; baseline -0.006 -13"><span class='ocrx_word' id='word_1_105' title='bbox 58 995 187 1049; x_wconf 75' lang='grc' dir='ltr'><em>λόγοι·</em></span> <span class='ocrx_word' id='word_1_106' title='bbox 221 995 295 1036; x_wconf 79' lang='grc' dir='ltr'>οὐκ</span> <span class='ocrx_word' id='word_1_107' title='bbox 325 991 544 1044; x_wconf 75' lang='grc' dir='ltr'><em>ἐλάχιστόν</em></span> <span class='ocrx_word' id='word_1_108' title='bbox 574 992 660 1034; x_wconf 77' lang='grc' dir='ltr'><em>ἐστι</em></span> <span class='ocrx_word' id='word_1_109' title='bbox 693 992 764 1033; x_wconf 78' lang='grc' dir='ltr'>διὰ</span> <span class='ocrx_word' id='word_1_110' title='bbox 783 992 859 1041; x_wconf 83' lang='grc' dir='ltr'>τὰς</span> <span class='ocrx_word' id='word_1_111' title='bbox 888 992 1107 1043; x_wconf 79' lang='grc' dir='ltr'>Ιιιετοικίας</span> <span class='ocrx_word' id='word_1_112' title='bbox 1138 987 1180 1039; x_wconf 76' lang='grc' dir='ltr'>ἐς</span> <span class='ocrx_word' id='word_1_113' title='bbox 1208 989 1260 1030; x_wconf 84' lang='grc' dir='ltr'>τὰ</span> <span class='ocrx_word' id='word_1_114' title='bbox 1291 988 1397 1029; x_wconf 81' lang='grc' dir='ltr'><em>ἄλλα</em></span> <span class='ocrx_word' id='word_1_115' title='bbox 1427 987 1483 1042; x_wconf 70' lang='grc' dir='ltr'>μὴ</span> <span class='ocrx_word' id='word_1_116' title='bbox 1517 986 1678 1037; x_wconf 80' lang='grc' dir='ltr'><em>ὁμοίως</em></span> <span class='ocrx_word' id='word_1_117' title='bbox 1708 985 1830 1040; x_wconf 79' lang='grc' dir='ltr'><em>αὐξη-</em></span> 
     </span>
     <span class='ocr_line' id='line_1_14' title="bbox 57 1053 1830 1119; baseline -0.005 -16"><span class='ocrx_word' id='word_1_118' title='bbox 57 1064 215 1119; x_wconf 70' lang='grc' dir='ltr'><em>θῆναι·</em></span> <span class='ocrx_word' id='word_1_119' title='bbox 250 1061 295 1103; x_wconf 79' lang='grc' dir='ltr'>ἐκ</span> <span class='ocrx_word' id='word_1_120' title='bbox 327 1062 405 1117; x_wconf 77' lang='grc' dir='ltr'>γὰρ</span> <span class='ocrx_word' id='word_1_121' title='bbox 436 1069 510 1118; x_wconf 80' lang='grc' dir='ltr'>τῆς</span> <span class='ocrx_word' id='word_1_122' title='bbox 541 1061 668 1116; x_wconf 79' lang='grc' dir='ltr'><em>ἄλλης</em></span> <span class='ocrx_word' id='word_1_123' title='bbox 698 1059 897 1108; x_wconf 78' lang='grc' dir='ltr'><em>Ἑλλάδος</em></span> <span class='ocrx_word' id='word_1_124' title='bbox 927 1059 967 1100; x_wconf 79' lang='grc' dir='ltr'>οἱ</span> <span class='ocrx_word' id='word_1_125' title='bbox 990 1058 1166 1113; x_wconf 78' lang='grc' dir='ltr'><em>πολέμῳ</em></span> <span class='ocrx_word' id='word_1_126' title='bbox 1197 1056 1218 1110; x_wconf 74' lang='grc' dir='ltr'>ἣ</span> <span class='ocrx_word' id='word_1_127' title='bbox 1241 1058 1382 1099; x_wconf 84' lang='grc' dir='ltr'><em>στάσει</em></span> <span class='ocrx_word' id='word_1_128' title='bbox 1408 1054 1693 1103; x_wconf 73' lang='grc' dir='ltr'>ἐκπίπτοντες</span> <span class='ocrx_word' id='word_1_129' title='bbox 1724 1053 1830 1108; x_wconf 61' lang='grc' dir='ltr'><em>παρ)</em></span> 
     </span>
     <span class='ocr_line' id='line_1_15' title="bbox 59 1123 1829 1186; baseline -0.006 -14"><span class='ocrx_word' id='word_1_130' title='bbox 59 1131 309 1186; x_wconf 75' lang='grc' dir='ltr'><em>Ἀθηναίους</em></span> <span class='ocrx_word' id='word_1_131' title='bbox 340 1129 381 1171; x_wconf 78' lang='grc' dir='ltr'>οἱ</span> <span class='ocrx_word' id='word_1_132' title='bbox 413 1129 693 1171; x_wconf 81' lang='grc' dir='ltr'><em>δυνατώτατοι</em></span> <span class='ocrx_word' id='word_1_133' title='bbox 725 1128 783 1178; x_wconf 84' lang='grc' dir='ltr'>ὡς</span> <span class='ocrx_word' id='word_1_134' title='bbox 811 1131 983 1182; x_wconf 78' lang='grc' dir='ltr'><em>βέβαιον</em></span> <span class='ocrx_word' id='word_1_135' title='bbox 1014 1127 1061 1168; x_wconf 85' lang='grc' dir='ltr'>ὂν</span> <span class='ocrx_word' id='word_1_136' title='bbox 1092 1126 1335 1181; x_wconf 72' lang='grc' dir='ltr'><em>ἀνεχώρουν</em></span> <span class='ocrx_word' id='word_1_137' title='bbox 1375 1125 1446 1165; x_wconf 84' lang='grc' dir='ltr'><em>καὶ</em></span> <span class='ocrx_word' id='word_1_138' title='bbox 1477 1124 1654 1164; x_wconf 75' lang='grc' dir='ltr'><em>πολῖται</em></span> <span class='ocrx_word' id='word_1_139' title='bbox 1694 1123 1829 1177; x_wconf 76' lang='grc' dir='ltr'><em>γιγνό-</em></span> 
     </span>
     <span class='ocr_line' id='line_1_16' title="bbox 56 1191 1830 1252; baseline -0.006 -12"><span class='ocrx_word' id='word_1_140' title='bbox 56 1214 181 1252; x_wconf 79' lang='grc' dir='ltr'><em>μενοι</em></span> <span class='ocrx_word' id='word_1_141' title='bbox 210 1198 340 1248; x_wconf 70' lang='grc' dir='ltr'><em>εὐθὺς</em></span> <span class='ocrx_word' id='word_1_142' title='bbox 369 1197 458 1239; x_wconf 83' lang='grc' dir='ltr'>ἀπὸ</span> <span class='ocrx_word' id='word_1_143' title='bbox 491 1197 681 1239; x_wconf 84' lang='grc' dir='ltr'><em>παλαιοῦ</em></span> <span class='ocrx_word' id='word_1_144' title='bbox 711 1196 844 1250; x_wconf 86' lang='grc' dir='ltr'><em>μείζω</em></span> <span class='ocrx_word' id='word_1_145' title='bbox 876 1194 936 1237; x_wconf 77' lang='grc' dir='ltr'>ἔτι</span> <span class='ocrx_word' id='word_1_146' title='bbox 953 1198 981 1251; x_wconf 82' lang='grc'><strong>“-’)</strong></span> <span class='ocrx_word' id='word_1_147' title='bbox 1026 1193 1233 1251; x_wconf 76' lang='grc' dir='ltr'><em>ἐποίησαν</em></span> <span class='ocrx_word' id='word_1_148' title='bbox 1263 1194 1427 1249; x_wconf 67' lang='grc' dir='ltr'><em>πλήθει</em></span> <span class='ocrx_word' id='word_1_149' title='bbox 1471 1191 1724 1246; x_wconf 70' lang='grc' dir='ltr'><em>ἀνθρώπων</em></span> <span class='ocrx_word' id='word_1_150' title='bbox 1754 1191 1830 1246; x_wconf 79' lang='grc' dir='ltr'>τὴν</span> 
     </span>
     <span class='ocr_line' id='line_1_17' title="bbox 57 1258 1830 1320; baseline -0.005 -12"><span class='ocrx_word' id='word_1_151' title='bbox 57 1267 188 1309; x_wconf 81' lang='grc' dir='ltr'><em>πόλιν</em></span> <span class='ocrx_word' id='word_1_152' title='bbox 219 1267 326 1308; x_wconf 83' lang='grc' dir='ltr'><em>ὥστε</em></span> <span class='ocrx_word' id='word_1_153' title='bbox 356 1266 428 1308; x_wconf 83' lang='grc' dir='ltr'><em>καὶ.</em></span> <span class='ocrx_word' id='word_1_154' title='bbox 458 1265 501 1316; x_wconf 82' lang='grc' dir='ltr'>ἐς</span> <span class='ocrx_word' id='word_1_155' title='bbox 531 1266 684 1308; x_wconf 82' lang='grc' dir='ltr'><em>Ἰωνίαν</em></span> <span class='ocrx_word' id='word_1_156' title='bbox 713 1264 890 1320; x_wconf 75' lang='grc' dir='ltr'><em>ὕστερον</em></span> <span class='ocrx_word' id='word_1_157' title='bbox 917 1264 976 1314; x_wconf 85' lang='grc' dir='ltr'>ὡς</span> <span class='ocrx_word' id='word_1_158' title='bbox 1007 1264 1082 1316; x_wconf 77' lang='grc' dir='ltr'>οὐχ</span> <span class='ocrx_word' id='word_1_159' title='bbox 1106 1262 1250 1319; x_wconf 78' lang='grc' dir='ltr'><em>ἱκανῆς</em></span> <span class='ocrx_word' id='word_1_160' title='bbox 1272 1264 1395 1315; x_wconf 78' lang='grc' dir='ltr'><em>οὔσης</em></span> <span class='ocrx_word' id='word_1_161' title='bbox 1425 1268 1501 1317; x_wconf 78' lang='grc' dir='ltr'>τῆς</span> <span class='ocrx_word' id='word_1_162' title='bbox 1530 1260 1716 1315; x_wconf 75' lang='grc' dir='ltr'>Ἀττικῆς</span> <span class='ocrx_word' id='word_1_163' title='bbox 1747 1258 1830 1300; x_wconf 72' lang='grc' dir='ltr'>ἀπ-</span> 
     </span>
     <span class='ocr_line' id='line_1_18' title="bbox 54 1329 1831 1389; baseline -0.003 -13"><span class='ocrx_word' id='word_1_164' title='bbox 54 1338 198 1384; x_wconf 75' lang='grc' dir='ltr'><em>οικίας</em></span> <span class='ocrx_word' id='word_1_165' title='bbox 231 1333 493 1389; x_wconf 79' lang='grc' dir='ltr'><em>ἐξέπεμψαν.</em></span> <span class='ocrx_word' id='word_1_166' title='bbox 554 1335 662 1377; x_wconf 84' lang='lat' dir='ltr'>Tres</span> <span class='ocrx_word' id='word_1_167' title='bbox 695 1334 941 1377; x_wconf 88' lang='lat' dir='ltr'>invenimus</span> <span class='ocrx_word' id='word_1_168' title='bbox 974 1335 1124 1376; x_wconf 89' lang='lat' dir='ltr'>horum</span> <span class='ocrx_word' id='word_1_169' title='bbox 1155 1333 1385 1374; x_wconf 85' lang='lat' dir='ltr'>verborum</span> <span class='ocrx_word' id='word_1_170' title='bbox 1428 1329 1831 1382; x_wconf 86' lang='lat' dir='ltr'>interpretationes.</span> 
     </span>
     <span class='ocr_line' id='line_1_19' title="bbox 59 1398 1830 1453; baseline -0.005 -7"><span class='ocrx_word' id='word_1_171' title='bbox 59 1404 251 1446; x_wconf 90' lang='lat' dir='ltr'>Primum</span> <span class='ocrx_word' id='word_1_172' title='bbox 285 1403 450 1446; x_wconf 89' lang='lat' dir='ltr'>scholia</span> <span class='ocrx_word' id='word_1_173' title='bbox 482 1404 632 1446; x_wconf 89' lang='lat' dir='ltr'>dicunt</span> <span class='ocrx_word' id='word_1_174' title='bbox 673 1403 802 1444; x_wconf 86' lang='lat' dir='ltr'>haec:</span> <span class='ocrx_word' id='word_1_175' title='bbox 844 1399 866 1442; x_wconf 81' lang='grc' dir='ltr'><em>ὃ</em></span> <span class='ocrx_word' id='word_1_176' title='bbox 899 1408 1014 1450; x_wconf 84' lang='grc' dir='ltr'><em>νοῦς·</em></span> <span class='ocrx_word' id='word_1_177' title='bbox 1058 1399 1100 1442; x_wconf 81' lang='grc' dir='ltr'>οἱ</span> <span class='ocrx_word' id='word_1_178' title='bbox 1140 1399 1217 1453; x_wconf 81' lang='grc' dir='ltr'>μὲν</span> <span class='ocrx_word' id='word_1_179' title='bbox 1258 1399 1388 1440; x_wconf 76' lang='grc' dir='ltr'><em>οὕτω·</em></span> <span class='ocrx_word' id='word_1_180' title='bbox 1437 1398 1653 1451; x_wconf 88' lang='lat' dir='ltr'>(sequitur</span> <span class='ocrx_word' id='word_1_181' title='bbox 1695 1399 1830 1439; x_wconf 86' lang='lat' dir='ltr'>inter-</span> 
     </span>
     <span class='ocr_line' id='line_1_20' title="bbox 58 1467 1829 1526; baseline -0.005 -11"><span class='ocrx_word' id='word_1_182' title='bbox 58 1472 254 1525; x_wconf 75' lang='lat' dir='ltr'>pretatio</span> <span class='ocrx_word' id='word_1_183' title='bbox 285 1472 453 1525; x_wconf 79' lang='lat' dir='ltr'>inepta)</span> <span class='ocrx_word' id='word_1_184' title='bbox 483 1470 607 1512; x_wconf 78' lang='grc' dir='ltr'><em>ἄλλοι</em></span> <span class='ocrx_word' id='word_1_185' title='bbox 637 1470 682 1511; x_wconf 80' lang='grc' dir='ltr'>δὲ</span> <span class='ocrx_word' id='word_1_186' title='bbox 714 1469 846 1511; x_wconf 74' lang='grc' dir='ltr'><em>οὕτω·</em></span> <span class='ocrx_word' id='word_1_187' title='bbox 890 1477 1064 1526; x_wconf 75' lang='grc' dir='ltr'><em>σημεῖον</em></span> <span class='ocrx_word' id='word_1_188' title='bbox 1095 1468 1142 1510; x_wconf 82' lang='grc' dir='ltr'>δέ</span> <span class='ocrx_word' id='word_1_189' title='bbox 1171 1484 1247 1521; x_wconf 88' lang='grc' dir='ltr'>μοι</span> <span class='ocrx_word' id='word_1_190' title='bbox 1278 1467 1440 1516; x_wconf 79' lang='grc' dir='ltr'><em>παντὸς</em></span> <span class='ocrx_word' id='word_1_191' title='bbox 1468 1474 1545 1508; x_wconf 86' lang='grc' dir='ltr'>τοῦ</span> <span class='ocrx_word' id='word_1_192' title='bbox 1575 1467 1829 1520; x_wconf 75' lang='grc' dir='ltr'><em>προειρημέ-</em></span> 
     </span>
     <span class='ocr_line' id='line_1_21' title="bbox 58 1533 1832 1593; baseline -0.004 -13"><span class='ocrx_word' id='word_1_193' title='bbox 58 1555 136 1581; x_wconf 69' lang='grc' dir='ltr'><em>νοι·</em></span> <span class='ocrx_word' id='word_1_194' title='bbox 166 1539 292 1592; x_wconf 77' lang='grc' dir='ltr'><em>λόγου</em></span> <span class='ocrx_word' id='word_1_195' title='bbox 322 1546 399 1580; x_wconf 88' lang='grc' dir='ltr'>τοῦ</span> <span class='ocrx_word' id='word_1_196' title='bbox 427 1539 504 1588; x_wconf 83' lang='grc' dir='ltr'>τὰς</span> <span class='ocrx_word' id='word_1_197' title='bbox 535 1539 712 1593; x_wconf 83' lang='grc' dir='ltr'><em>ἀρίστας</em></span> <span class='ocrx_word' id='word_1_198' title='bbox 740 1546 822 1579; x_wconf 83' lang='grc' dir='ltr'>τῶν</span> <span class='ocrx_word' id='word_1_199' title='bbox 842 1546 974 1593; x_wconf 77' lang='grc' dir='ltr'><em>γαιῶν</em></span> <span class='ocrx_word' id='word_1_200' title='bbox 1002 1537 1284 1591; x_wconf 72' lang='grc' dir='ltr'><em>μεταβάλλειν</em></span> <span class='ocrx_word' id='word_1_201' title='bbox 1303 1536 1399 1584; x_wconf 66' lang='grc' dir='ltr'><em>τοὺς</em></span> <span class='ocrx_word' id='word_1_202' title='bbox 1423 1536 1653 1590; x_wconf 84' lang='grc' dir='ltr'><em>οἰκήτορας,</em></span> <span class='ocrx_word' id='word_1_203' title='bbox 1684 1533 1730 1575; x_wconf 88' lang='grc' dir='ltr'>τὸ</span> <span class='ocrx_word' id='word_1_204' title='bbox 1757 1533 1832 1589; x_wconf 78' lang='grc' dir='ltr'>τὴν</span> 
     </span>
     <span class='ocr_line' id='line_1_22' title="bbox 60 1603 1829 1663; baseline -0.003 -15"><span class='ocrx_word' id='word_1_205' title='bbox 60 1607 241 1649; x_wconf 78' lang='grc' dir='ltr'><em>Ἑλλάδα</em></span> <span class='ocrx_word' id='word_1_206' title='bbox 271 1607 378 1648; x_wconf 85' lang='grc' dir='ltr'><em>κατὰ</em></span> <span class='ocrx_word' id='word_1_207' title='bbox 406 1608 457 1649; x_wconf 88' lang='grc' dir='ltr'>τὰ</span> <span class='ocrx_word' id='word_1_208' title='bbox 489 1607 597 1649; x_wconf 79' lang='grc' dir='ltr'><em>ἄλλα</em></span> <span class='ocrx_word' id='word_1_209' title='bbox 628 1606 753 1663; x_wconf 75' lang='grc' dir='ltr'><em>αὐτῆς</em></span> <span class='ocrx_word' id='word_1_210' title='bbox 782 1610 886 1663; x_wconf 82' lang='grc' dir='ltr'><em>μέρη</em></span> <span class='ocrx_word' id='word_1_211' title='bbox 926 1607 983 1662; x_wconf 74' lang='grc' dir='ltr'>μὴ</span> <span class='ocrx_word' id='word_1_212' title='bbox 1016 1604 1175 1659; x_wconf 84' lang='grc' dir='ltr'><em>ὁμοίιος</em></span> <span class='ocrx_word' id='word_1_213' title='bbox 1204 1613 1254 1659; x_wconf 80' lang='grc' dir='ltr'>τῇ</span> <span class='ocrx_word' id='word_1_214' title='bbox 1295 1605 1452 1659; x_wconf 78' lang='grc' dir='ltr'><em>Ἀττικῇ</em></span> <span class='ocrx_word' id='word_1_215' title='bbox 1495 1603 1739 1659; x_wconf 72' lang='grc' dir='ltr'><em>αὐξηθῆναι</em></span> <span class='ocrx_word' id='word_1_216' title='bbox 1769 1608 1829 1656; x_wconf 83' lang='grc' dir='ltr'>τῷ</span> 
     </span>
     <span class='ocr_line' id='line_1_23' title="bbox 59 1673 1831 1731; baseline -0.002 -15"><span class='ocrx_word' id='word_1_217' title='bbox 59 1676 223 1731; x_wconf 75' lang='grc' dir='ltr'><em>πλήθει</em></span> <span class='ocrx_word' id='word_1_218' title='bbox 253 1683 338 1717; x_wconf 83' lang='grc' dir='ltr'>τῶν</span> <span class='ocrx_word' id='word_1_219' title='bbox 365 1675 544 1731; x_wconf 82' lang='grc' dir='ltr'><em>ἀνδρῶν.</em></span> <span class='ocrx_word' id='word_1_220' title='bbox 606 1676 727 1730; x_wconf 77' lang='lat' dir='ltr'>Quae</span> <span class='ocrx_word' id='word_1_221' title='bbox 764 1676 1074 1728; x_wconf 86' lang='lat' dir='ltr'>interpretatio</span> <span class='ocrx_word' id='word_1_222' title='bbox 1107 1680 1175 1717; x_wconf 87' lang='lat' dir='ltr'>est</span> <span class='ocrx_word' id='word_1_223' title='bbox 1207 1676 1330 1717; x_wconf 89' lang='lat' dir='ltr'>bona.</span> <span class='ocrx_word' id='word_1_224' title='bbox 1390 1674 1498 1715; x_wconf 90' lang='lat' dir='ltr'>Nam</span> <span class='ocrx_word' id='word_1_225' title='bbox 1532 1686 1627 1715; x_wconf 88' lang='lat' dir='ltr'>cum</span> <span class='ocrx_word' id='word_1_226' title='bbox 1660 1673 1831 1726; x_wconf 80' lang='lat' dir='ltr'>Thucy-</span> 
     </span>
     <span class='ocr_line' id='line_1_24' title="bbox 57 1740 1833 1798; baseline -0.004 -10"><span class='ocrx_word' id='word_1_227' title='bbox 57 1746 186 1788; x_wconf 85' lang='lat' dir='ltr'>-dides</span> <span class='ocrx_word' id='word_1_228' title='bbox 218 1747 269 1788; x_wconf 87' lang='lat' dir='ltr'>de</span> <span class='ocrx_word' id='word_1_229' title='bbox 301 1758 347 1788; x_wconf 92' lang='lat' dir='ltr'>re</span> <span class='ocrx_word' id='word_1_230' title='bbox 380 1747 567 1798; x_wconf 85' lang='lat' dir='ltr'>quadam</span> <span class='ocrx_word' id='word_1_231' title='bbox 601 1751 707 1798; x_wconf 87' lang='lat' dir='ltr'>agat</span> <span class='ocrx_word' id='word_1_232' title='bbox 739 1758 850 1797; x_wconf 89' lang='lat' dir='ltr'>quae</span> <span class='ocrx_word' id='word_1_233' title='bbox 881 1746 937 1786; x_wconf 87' lang='lat' dir='ltr'>ad</span> <span class='ocrx_word' id='word_1_234' title='bbox 969 1749 1140 1787; x_wconf 87' lang='lat' dir='ltr'>ceteras</span> <span class='ocrx_word' id='word_1_235' title='bbox 1187 1748 1336 1796; x_wconf 87' lang='lat' dir='ltr'>partes</span> <span class='ocrx_word' id='word_1_236' title='bbox 1377 1755 1461 1784; x_wconf 90' lang='lat' dir='ltr'>non</span> <span class='ocrx_word' id='word_1_237' title='bbox 1503 1742 1568 1783; x_wconf 88' lang='lat' dir='ltr'>ita</span> <span class='ocrx_word' id='word_1_238' title='bbox 1610 1746 1740 1783; x_wconf 82' lang='lat' dir='ltr'>aucta</span> <span class='ocrx_word' id='word_1_239' title='bbox 1773 1740 1833 1782; x_wconf 89' lang='lat' dir='ltr'>sit</span> 
     </span>
     <span class='ocr_line' id='line_1_25' title="bbox 59 1809 1835 1866; baseline -0.003 -11"><span class='ocrx_word' id='word_1_240' title='bbox 59 1827 191 1865; x_wconf 80' lang='lat' dir='ltr'>quam</span> <span class='ocrx_word' id='word_1_241' title='bbox 227 1815 280 1856; x_wconf 86' lang='lat' dir='ltr'>ad</span> <span class='ocrx_word' id='word_1_242' title='bbox 313 1826 443 1856; x_wconf 88' lang='lat' dir='ltr'>unam</span> <span class='ocrx_word' id='word_1_243' title='bbox 477 1815 695 1866; x_wconf 88' lang='lat' dir='ltr'>quandam</span> <span class='ocrx_word' id='word_1_244' title='bbox 728 1818 900 1866; x_wconf 91' lang='lat' dir='ltr'>partem</span> <span class='ocrx_word' id='word_1_245' title='bbox 933 1817 1066 1855; x_wconf 88' lang='lat' dir='ltr'>antea</span> <span class='ocrx_word' id='word_1_246' title='bbox 1096 1816 1391 1863; x_wconf 78' lang='lat' dir='ltr'>memoratam,</span> <span class='ocrx_word' id='word_1_247' title='bbox 1437 1816 1555 1852; x_wconf 86' lang='lat' dir='ltr'>recte</span> <span class='ocrx_word' id='word_1_248' title='bbox 1597 1809 1835 1851; x_wconf 83' lang='lat' dir='ltr'>scholiasta</span> 
     </span>
     <span class='ocr_line' id='line_1_26' title="bbox 57 1882 1836 1935; baseline -0.003 -11"><span class='ocrx_word' id='word_1_249' title='bbox 57 1882 243 1934; x_wconf 80' lang='lat' dir='ltr'>exponit</span> <span class='ocrx_word' id='word_1_250' title='bbox 275 1884 328 1924; x_wconf 90' lang='lat' dir='ltr'>de</span> <span class='ocrx_word' id='word_1_251' title='bbox 361 1882 550 1924; x_wconf 87' lang='lat' dir='ltr'>Graecia</span> <span class='ocrx_word' id='word_1_252' title='bbox 583 1882 667 1935; x_wconf 82' lang='lat' dir='ltr'>agi,</span> <span class='ocrx_word' id='word_1_253' title='bbox 700 1882 822 1924; x_wconf 88' lang='lat' dir='ltr'>cuius</span> <span class='ocrx_word' id='word_1_254' title='bbox 851 1885 1024 1923; x_wconf 88' lang='lat' dir='ltr'>ceterae</span> <span class='ocrx_word' id='word_1_255' title='bbox 1057 1885 1207 1933; x_wconf 88' lang='lat' dir='ltr'>partes</span> <span class='ocrx_word' id='word_1_256' title='bbox 1230 1892 1313 1922; x_wconf 91' lang='lat' dir='ltr'>non</span> <span class='ocrx_word' id='word_1_257' title='bbox 1336 1891 1472 1931; x_wconf 87' lang='lat' dir='ltr'>aeque</span> <span class='ocrx_word' id='word_1_258' title='bbox 1497 1882 1654 1920; x_wconf 87' lang='lat' dir='ltr'>auctae</span> <span class='ocrx_word' id='word_1_259' title='bbox 1687 1882 1836 1919; x_wconf 88' lang='lat' dir='ltr'>essent</span> 
     </span>
     <span class='ocr_line' id='line_1_27' title="bbox 62 1946 1833 2003; baseline -0.003 -11"><span class='ocrx_word' id='word_1_260' title='bbox 62 1954 195 2001; x_wconf 85' lang='lat' dir='ltr'>atque</span> <span class='ocrx_word' id='word_1_261' title='bbox 230 1950 394 1992; x_wconf 84' lang='lat' dir='ltr'>Attica.</span> <span class='ocrx_word' id='word_1_262' title='bbox 453 1951 545 1992; x_wconf 92' lang='lat' dir='ltr'>Hoc</span> <span class='ocrx_word' id='word_1_263' title='bbox 568 1962 663 1992; x_wconf 90' lang='lat' dir='ltr'>esse</span> <span class='ocrx_word' id='word_1_264' title='bbox 685 1954 989 2003; x_wconf 82' lang='lat' dir='ltr'>argumentum</span> <span class='ocrx_word' id='word_1_265' title='bbox 1013 1950 1106 1991; x_wconf 89' lang='lat' dir='ltr'>eius</span> <span class='ocrx_word' id='word_1_266' title='bbox 1129 1948 1376 1990; x_wconf 87' lang='lat' dir='ltr'>sententiae</span> <span class='ocrx_word' id='word_1_267' title='bbox 1398 1950 1489 1991; x_wconf 80' lang='grc' dir='ltr'>(τοῦ</span> <span class='ocrx_word' id='word_1_268' title='bbox 1520 1946 1672 1999; x_wconf 64' lang='grc' dir='ltr'>λόγου),</span> <span class='ocrx_word' id='word_1_269' title='bbox 1705 1958 1833 1998; x_wconf 84' lang='lat' dir='ltr'>quam</span> 
     </span>
     <span class='ocr_line' id='line_1_28' title="bbox 64 2016 1834 2071; baseline -0.003 -11"><span class='ocrx_word' id='word_1_270' title='bbox 64 2019 186 2060; x_wconf 86' lang='lat' dir='ltr'>modo</span> <span class='ocrx_word' id='word_1_271' title='bbox 218 2020 270 2060; x_wconf 88' lang='lat' dir='ltr'>de</span> <span class='ocrx_word' id='word_1_272' title='bbox 303 2019 735 2071; x_wconf 86' lang='lat' dir='ltr'>commigrationibus</span> <span class='ocrx_word' id='word_1_273' title='bbox 767 2031 845 2070; x_wconf 90' lang='lat' dir='ltr'>per</span> <span class='ocrx_word' id='word_1_274' title='bbox 876 2023 1067 2060; x_wconf 83' lang='lat' dir='ltr'>ceteram</span> <span class='ocrx_word' id='word_1_275' title='bbox 1089 2017 1319 2060; x_wconf 86' lang='lat' dir='ltr'>Graeciam</span> <span class='ocrx_word' id='word_1_276' title='bbox 1342 2016 1523 2058; x_wconf 88' lang='lat' dir='ltr'>usitatis</span> <span class='ocrx_word' id='word_1_277' title='bbox 1557 2019 1708 2057; x_wconf 85' lang='lat' dir='ltr'>auctor</span> <span class='ocrx_word' id='word_1_278' title='bbox 1740 2027 1834 2066; x_wconf 90' lang='lat' dir='ltr'>pro-</span> 
     </span>
     <span class='ocr_line' id='line_1_29' title="bbox 63 2082 1836 2141; baseline -0.002 -13"><span class='ocrx_word' id='word_1_279' title='bbox 63 2087 229 2128; x_wconf 90' lang='lat' dir='ltr'>tulerit.</span> <span class='ocrx_word' id='word_1_280' title='bbox 288 2087 445 2139; x_wconf 88' lang='lat' dir='ltr'>Itaque</span> <span class='ocrx_word' id='word_1_281' title='bbox 477 2087 701 2129; x_wconf 86' lang='lat' dir='ltr'>sentent-ia</span> <span class='ocrx_word' id='word_1_282' title='bbox 732 2087 1016 2138; x_wconf 86' lang='lat' dir='ltr'>subsequenti</span> <span class='ocrx_word' id='word_1_283' title='bbox 1060 2083 1103 2125; x_wconf 81' lang='grc' dir='ltr'>ἐκ</span> <span class='ocrx_word' id='word_1_284' title='bbox 1134 2085 1212 2139; x_wconf 75' lang='grc' dir='ltr'>γὰρ</span> <span class='ocrx_word' id='word_1_285' title='bbox 1244 2090 1315 2141; x_wconf 65' lang='grc' dir='ltr'>τῆς</span> <span class='ocrx_word' id='word_1_286' title='bbox 1351 2083 1480 2134; x_wconf 75' lang='grc' dir='ltr'><em>ἄλλης</em></span> <span class='ocrx_word' id='word_1_287' title='bbox 1521 2083 1725 2132; x_wconf 77' lang='grc' dir='ltr'><em>Ἑλλάδος</em></span> <span class='ocrx_word' id='word_1_288' title='bbox 1754 2082 1836 2124; x_wconf 76' lang='grc' dir='ltr'><em>κτλ.</em></span> 
     </span>
     <span class='ocr_line' id='line_1_30' title="bbox 58 2153 1836 2207; baseline -0.002 -10"><span class='ocrx_word' id='word_1_289' title='bbox 58 2155 325 2207; x_wconf 80' lang='lat' dir='ltr'>explicatur,</span> <span class='ocrx_word' id='word_1_290' title='bbox 359 2156 566 2207; x_wconf 89' lang='lat' dir='ltr'>quomodo</span> <span class='ocrx_word' id='word_1_291' title='bbox 596 2155 691 2197; x_wconf 90' lang='lat' dir='ltr'>fieri</span> <span class='ocrx_word' id='word_1_292' title='bbox 724 2155 928 2207; x_wconf 85' lang='lat' dir='ltr'>potuerit,</span> <span class='ocrx_word' id='word_1_293' title='bbox 960 2159 1009 2196; x_wconf 91' lang='lat' dir='ltr'>ut</span> <span class='ocrx_word' id='word_1_294' title='bbox 1041 2154 1200 2196; x_wconf 89' lang='lat' dir='ltr'>ceteris</span> <span class='ocrx_word' id='word_1_295' title='bbox 1232 2153 1484 2205; x_wconf 79' lang='lat' dir='ltr'>regionibus</span> <span class='ocrx_word' id='word_1_296' title='bbox 1526 2166 1608 2193; x_wconf 90' lang='lat' dir='ltr'>non</span> <span class='ocrx_word' id='word_1_297' title='bbox 1642 2164 1836 2193; x_wconf 80' lang='lat' dir='ltr'>crescen-</span> 
     </span>
     <span class='ocr_line' id='line_1_31' title="bbox 65 2219 1836 2276; baseline -0.003 -12"><span class='ocrx_word' id='word_1_298' title='bbox 65 2223 184 2265; x_wconf 84' lang='lat' dir='ltr'>tibus</span> <span class='ocrx_word' id='word_1_299' title='bbox 218 2223 371 2265; x_wconf 81' lang='lat' dir='ltr'>Attica</span> <span class='ocrx_word' id='word_1_300' title='bbox 402 2228 649 2276; x_wconf 87' lang='lat' dir='ltr'>augeretur.</span> <span class='ocrx_word' id='word_1_301' title='bbox 711 2224 808 2265; x_wconf 89' lang='lat' dir='ltr'>Una</span> <span class='ocrx_word' id='word_1_302' title='bbox 839 2228 981 2265; x_wconf 87' lang='lat' dir='ltr'>restat</span> <span class='ocrx_word' id='word_1_303' title='bbox 1014 2223 1254 2264; x_wconf 83' lang='lat' dir='ltr'>difficultas</span> <span class='ocrx_word' id='word_1_304' title='bbox 1285 2223 1512 2263; x_wconf 85' lang='lat' dir='ltr'>verborum</span> <span class='ocrx_word' id='word_1_305' title='bbox 1546 2219 1616 2260; x_wconf 79' lang='grc' dir='ltr'>διὰ</span> <span class='ocrx_word' id='word_1_306' title='bbox 1639 2220 1713 2269; x_wconf 78' lang='grc' dir='ltr'>τὰς</span> <span class='ocrx_word' id='word_1_307' title='bbox 1743 2234 1836 2270; x_wconf 78' lang='grc' dir='ltr'><em>μετ-</em></span> 
     </span>
     <span class='ocr_line' id='line_1_32' title="bbox 60 2290 1836 2344; baseline -0.001 -14"><span class='ocrx_word' id='word_1_308' title='bbox 60 2293 219 2339; x_wconf 75' lang='grc' dir='ltr'><em>οικίας,</em></span> <span class='ocrx_word' id='word_1_309' title='bbox 251 2303 391 2344; x_wconf 88' lang='lat' dir='ltr'>neque</span> <span class='ocrx_word' id='word_1_310' title='bbox 422 2292 534 2333; x_wconf 91' lang='lat' dir='ltr'>enim</span> <span class='ocrx_word' id='word_1_311' title='bbox 568 2292 726 2334; x_wconf 89' lang='lat' dir='ltr'>scimus</span> <span class='ocrx_word' id='word_1_312' title='bbox 758 2304 899 2343; x_wconf 89' lang='lat' dir='ltr'>neque</span> <span class='ocrx_word' id='word_1_313' title='bbox 921 2291 1102 2343; x_wconf 82' lang='lat' dir='ltr'>exponit</span> <span class='ocrx_word' id='word_1_314' title='bbox 1124 2291 1374 2341; x_wconf 85' lang='lat' dir='ltr'>scholiasta.</span> <span class='ocrx_word' id='word_1_315' title='bbox 1406 2290 1503 2340; x_wconf 85' lang='lat' dir='ltr'>quis</span> <span class='ocrx_word' id='word_1_316' title='bbox 1536 2301 1715 2340; x_wconf 81' lang='lat' dir='ltr'>quocum</span> <span class='ocrx_word' id='word_1_317' title='bbox 1751 2302 1836 2330; x_wconf 91' lang='lat' dir='ltr'>una</span> 
     </span>
     <span class='ocr_line' id='line_1_33' title="bbox 63 2359 1836 2412; baseline -0.001 -12"><span class='ocrx_word' id='word_1_318' title='bbox 63 2359 352 2401; x_wconf 76' lang='lat' dir='ltr'>habitaverit.</span> <span class='ocrx_word' id='word_1_319' title='bbox 413 2359 610 2401; x_wconf 85' lang='lat' dir='ltr'>Secunda</span> <span class='ocrx_word' id='word_1_320' title='bbox 646 2360 957 2412; x_wconf 87' lang='lat' dir='ltr'>interpretatio</span> <span class='ocrx_word' id='word_1_321' title='bbox 990 2365 1057 2401; x_wconf 85' lang='lat' dir='ltr'>est</span> <span class='ocrx_word' id='word_1_322' title='bbox 1091 2359 1293 2411; x_wconf 82' lang='lat' dir='ltr'>Kriigeri‚</span> <span class='ocrx_word' id='word_1_323' title='bbox 1335 2359 1409 2410; x_wconf 83' lang='lat' dir='ltr'>qui</span> <span class='ocrx_word' id='word_1_324' title='bbox 1442 2370 1535 2399; x_wconf 89' lang='lat' dir='ltr'>cum</span> <span class='ocrx_word' id='word_1_325' title='bbox 1569 2359 1836 2399; x_wconf 76' lang='lat' dir='ltr'>demonstra-</span> 
     </span>
     <span class='ocr_line' id='line_1_34' title="bbox 68 2426 1836 2479; baseline -0.002 -11"><span class='ocrx_word' id='word_1_326' title='bbox 68 2427 206 2469; x_wconf 88' lang='lat' dir='ltr'>tivum</span> <span class='ocrx_word' id='word_1_327' title='bbox 240 2426 338 2467; x_wconf 85' lang='grc' dir='ltr'>τόόε</span> <span class='ocrx_word' id='word_1_328' title='bbox 367 2452 417 2456; x_wconf 86' lang='grc'>-</span> <span class='ocrx_word' id='word_1_329' title='bbox 453 2440 534 2479; x_wconf 86' lang='lat' dir='ltr'>quo</span> <span class='ocrx_word' id='word_1_330' title='bbox 567 2428 804 2470; x_wconf 81' lang='lat' dir='ltr'>scholiasta</span> <span class='ocrx_word' id='word_1_331' title='bbox 827 2428 1094 2469; x_wconf 82' lang='lat' dir='ltr'>infinitivum</span> <span class='ocrx_word' id='word_1_332' title='bbox 1127 2428 1461 2478; x_wconf 82' lang='lat' dir='ltr'>subsequentem</span> <span class='ocrx_word' id='word_1_333' title='bbox 1494 2426 1732 2474; x_wconf 66' lang='lat' dir='ltr'>significari</span> <span class='ocrx_word' id='word_1_334' title='bbox 1765 2438 1836 2466; x_wconf 76' lang='lat' dir='ltr'>vo-</span> 
     </span>
     <span class='ocr_line' id='line_1_35' title="bbox 67 2495 1837 2550; baseline -0.002 -12"><span class='ocrx_word' id='word_1_335' title='bbox 67 2496 150 2538; x_wconf 90' lang='lat' dir='ltr'>luit</span> <span class='ocrx_word' id='word_1_336' title='bbox 193 2495 262 2542; x_wconf 76' lang='lat' dir='ltr'>(cf.</span> <span class='ocrx_word' id='word_1_337' title='bbox 303 2496 477 2548; x_wconf 86' lang='lat' dir='ltr'>Kriiger</span> <span class='ocrx_word' id='word_1_338' title='bbox 517 2497 712 2548; x_wconf 80' lang='lat' dir='ltr'>Sprachl.</span> <span class='ocrx_word' id='word_1_339' title='bbox 753 2497 874 2550; x_wconf 64' lang='grc' dir='ltr'>ξῖϊῑ,</span> <span class='ocrx_word' id='word_1_340' title='bbox 918 2497 969 2539; x_wconf 83' lang='grc'>10</span> <span class='ocrx_word' id='word_1_341' title='bbox 1012 2498 1134 2537; x_wconf 80' lang='lat' dir='ltr'>Anni.</span> <span class='ocrx_word' id='word_1_342' title='bbox 1175 2497 1200 2537; x_wconf 68' lang='lat'>«5</span> <span class='ocrx_word' id='word_1_343' title='bbox 1233 2502 1275 2536; x_wconf 87' lang='lat' dir='ltr'>et</span> <span class='ocrx_word' id='word_1_344' title='bbox 1311 2496 1352 2539; x_wconf 70' lang='lat'>7)</span> <span class='ocrx_word' id='word_1_345' title='bbox 1384 2519 1437 2523; x_wconf 93' lang='lat'>-—</span> <span class='ocrx_word' id='word_1_346' title='bbox 1479 2495 1534 2535; x_wconf 86' lang='lat' dir='ltr'>ad</span> <span class='ocrx_word' id='word_1_347' title='bbox 1572 2495 1837 2535; x_wconf 86' lang='lat' dir='ltr'>seutentiam</span> 
     </span>
     <span class='ocr_line' id='line_1_36' title="bbox 68 2560 1840 2618; baseline -0.002 -13"><span class='ocrx_word' id='word_1_348' title='bbox 68 2565 401 2605; x_wconf 78' lang='lat' dir='ltr'>antecedentem</span> <span class='ocrx_word' id='word_1_349' title='bbox 432 2563 503 2618; x_wconf 70' lang='grc' dir='ltr'>τὴν</span> <span class='ocrx_word' id='word_1_350' title='bbox 533 2570 632 2617; x_wconf 72' lang='grc' dir='ltr'><em>γοῦν</em></span> <span class='ocrx_word' id='word_1_351' title='bbox 665 2563 844 2618; x_wconf 66' lang='grc' dir='ltr'><em>Ἀττικὴν</em></span> <span class='ocrx_word' id='word_1_352' title='bbox 874 2563 958 2604; x_wconf 82' lang='grc' dir='ltr'><em>κτλ.</em></span> <span class='ocrx_word' id='word_1_353' title='bbox 991 2564 1167 2614; x_wconf 73' lang='lat' dir='ltr'>referat,</span> <span class='ocrx_word' id='word_1_354' title='bbox 1199 2563 1461 2604; x_wconf 81' lang='lat' dir='ltr'>infinitivum</span> <span class='ocrx_word' id='word_1_355' title='bbox 1497 2560 1567 2601; x_wconf 78' lang='grc' dir='ltr'>διὰ</span> <span class='ocrx_word' id='word_1_356' title='bbox 1597 2561 1671 2610; x_wconf 85' lang='grc' dir='ltr'>τὰς</span> <span class='ocrx_word' id='word_1_357' title='bbox 1700 2576 1840 2612; x_wconf 86' lang='grc' dir='ltr'><em>μετοι-</em></span> 
     </span>
    </p>
   </div>
   <div class='ocr_carea' id='block_1_3' title="bbox 167 2657 340 2660">
    <p class='ocr_par' dir='ltr' id='par_1_4' title="bbox 167 2657 340 2660">
     <span class='ocr_line' id='line_1_37' title="bbox 167 2657 340 2660; baseline 0 0"><span class='ocrx_word' id='word_1_358' title='bbox 167 2657 340 2660; x_wconf 95' lang='lat' dir='ltr'> </span> 
     </span>
    </p>
   </div>
   <div class='ocr_carea' id='block_1_4' title="bbox 71 2698 1842 3095">
    <p class='ocr_par' dir='ltr' id='par_1_5' title="bbox 71 2698 1842 2914">
     <span class='ocr_line' id='line_1_38' title="bbox 189 2698 1838 2744; baseline -0.001 -11"><span class='ocrx_word' id='word_1_359' title='bbox 189 2699 210 2739; x_wconf 71' lang='grc'>“)</span> <span class='ocrx_word' id='word_1_360' title='bbox 241 2699 352 2734; x_wconf 82' lang='lat' dir='ltr'>Recte</span> <span class='ocrx_word' id='word_1_361' title='bbox 380 2699 524 2734; x_wconf 79' lang='lat' dir='ltr'>Classen</span> <span class='ocrx_word' id='word_1_362' title='bbox 551 2700 648 2743; x_wconf 82' lang='lat' dir='ltr'>dicit,</span> <span class='ocrx_word' id='word_1_363' title='bbox 675 2701 739 2734; x_wconf 81' lang='lat' dir='ltr'>lioc</span> <span class='ocrx_word' id='word_1_364' title='bbox 765 2701 838 2734; x_wconf 92' lang='lat' dir='ltr'>loco</span> <span class='ocrx_word' id='word_1_365' title='bbox 863 2700 1075 2743; x_wconf 80' lang='lat' dir='ltr'>particulam</span> <span class='ocrx_word' id='word_1_366' title='bbox 1093 2707 1178 2743; x_wconf 62' lang='lat' dir='ltr'>your</span> <span class='ocrx_word' id='word_1_367' title='bbox 1197 2707 1448 2744; x_wconf 83' lang='lat' dir='ltr'>argumentum</span> <span class='ocrx_word' id='word_1_368' title='bbox 1475 2698 1689 2741; x_wconf 77' lang='lat' dir='ltr'>significare.</span> <span class='ocrx_word' id='word_1_369' title='bbox 1739 2698 1838 2732; x_wconf 77' lang='lat' dir='ltr'>Simi-</span> 
     </span>
     <span class='ocr_line' id='line_1_39' title="bbox 71 2754 1842 2801; baseline 0 -12"><span class='ocrx_word' id='word_1_370' title='bbox 71 2756 155 2791; x_wconf 82' lang='lat' dir='ltr'>liter</span> <span class='ocrx_word' id='word_1_371' title='bbox 180 2756 217 2790; x_wconf 88' lang='lat' dir='ltr'>in</span> <span class='ocrx_word' id='word_1_372' title='bbox 245 2756 360 2800; x_wconf 79' lang='lat' dir='ltr'>capite</span> <span class='ocrx_word' id='word_1_373' title='bbox 386 2757 430 2799; x_wconf 84' lang='lat' dir='ltr'>X,</span> <span class='ocrx_word' id='word_1_374' title='bbox 456 2757 476 2789; x_wconf 88' lang='grc'>4</span> <span class='ocrx_word' id='word_1_375' title='bbox 503 2767 520 2790; x_wconf 91' lang='lat' dir='ltr'>e</span> <span class='ocrx_word' id='word_1_376' title='bbox 555 2758 730 2791; x_wconf 84' lang='lat' dir='ltr'>contrario</span> <span class='ocrx_word' id='word_1_377' title='bbox 764 2761 1014 2801; x_wconf 84' lang='lat' dir='ltr'>argumentum</span> <span class='ocrx_word' id='word_1_378' title='bbox 1043 2756 1217 2799; x_wconf 83' lang='lat' dir='ltr'>particula</span> <span class='ocrx_word' id='word_1_379' title='bbox 1242 2763 1327 2800; x_wconf 59' lang='grc' dir='ltr'>γοῦν</span> <span class='ocrx_word' id='word_1_380' title='bbox 1352 2757 1516 2790; x_wconf 80' lang='lat' dir='ltr'>affertur:</span> <span class='ocrx_word' id='word_1_381' title='bbox 1551 2754 1666 2797; x_wconf 55' lang='grc' dir='ltr'><em>δηλῶν</em></span> <span class='ocrx_word' id='word_1_382' title='bbox 1691 2758 1737 2789; x_wconf 63' lang='grc' dir='ltr'>ὡς</span> <span class='ocrx_word' id='word_1_383' title='bbox 1763 2756 1842 2797; x_wconf 74' lang='grc' dir='ltr'>ἐμοὶ</span> 
     </span>
     <span class='ocr_line' id='line_1_40' title="bbox 71 2810 1837 2857; baseline 0 -14"><span class='ocrx_word' id='word_1_384' title='bbox 71 2810 170 2845; x_wconf 80' lang='grc' dir='ltr'><em>δοκεῖ</em></span> <span class='ocrx_word' id='word_1_385' title='bbox 195 2814 255 2847; x_wconf 69' lang='grc' dir='ltr'>τὰς</span> <span class='ocrx_word' id='word_1_386' title='bbox 280 2815 447 2856; x_wconf 65' lang='grc' dir='ltr'><em>μεγίστας</em></span> <span class='ocrx_word' id='word_1_387' title='bbox 471 2815 527 2845; x_wconf 78' lang='grc' dir='ltr'>καὶ</span> <span class='ocrx_word' id='word_1_388' title='bbox 553 2811 751 2853; x_wconf 62' lang='grc' dir='ltr'><em>ἐλαχίστας·</em></span> <span class='ocrx_word' id='word_1_389' title='bbox 786 2812 902 2845; x_wconf 74' lang='grc' dir='ltr'><em>ἄλλων</em></span> <span class='ocrx_word' id='word_1_390' title='bbox 932 2820 1039 2857; x_wconf 61' lang='grc' dir='ltr'>γοῦν</span> <span class='ocrx_word' id='word_1_391' title='bbox 1070 2814 1241 2856; x_wconf 59' lang='grc' dir='ltr'>μεγέθους</span> <span class='ocrx_word' id='word_1_392' title='bbox 1276 2815 1357 2855; x_wconf 69' lang='grc' dir='ltr'>πέρι</span> <span class='ocrx_word' id='word_1_393' title='bbox 1391 2814 1428 2844; x_wconf 60' lang='grc' dir='ltr'>ἐν</span> <span class='ocrx_word' id='word_1_394' title='bbox 1455 2818 1544 2844; x_wconf 77' lang='grc' dir='ltr'>ιἐιῦι·</span> <span class='ocrx_word' id='word_1_395' title='bbox 1569 2810 1752 2856; x_wconf 57' lang='grc' dir='ltr'><em>καταλόγῳ</em></span> <span class='ocrx_word' id='word_1_396' title='bbox 1778 2813 1837 2843; x_wconf 64' lang='grc' dir='ltr'>σῦκ</span> 
     </span>
     <span class='ocr_line' id='line_1_41' title="bbox 71 2868 1374 2914; baseline 0.003 -14"><span class='ocrx_word' id='word_1_397' title='bbox 71 2868 243 2910; x_wconf 62' lang='grc' dir='ltr'>ἐμνήσθη.</span> <span class='ocrx_word' id='word_1_398' title='bbox 294 2869 419 2912; x_wconf 81' lang='lat' dir='ltr'>Capite</span> <span class='ocrx_word' id='word_1_399' title='bbox 447 2869 512 2903; x_wconf 89' lang='lat' dir='ltr'>XX</span> <span class='ocrx_word' id='word_1_400' title='bbox 539 2875 657 2905; x_wconf 83' lang='lat' dir='ltr'>autem</span> <span class='ocrx_word' id='word_1_401' title='bbox 684 2870 862 2913; x_wconf 80' lang='lat' dir='ltr'>particula</span> <span class='ocrx_word' id='word_1_402' title='bbox 885 2877 971 2914; x_wconf 70' lang='lat' dir='ltr'>yos-1¹</span> <span class='ocrx_word' id='word_1_403' title='bbox 994 2870 1194 2913; x_wconf 82' lang='lat' dir='ltr'>exemplum</span> <span class='ocrx_word' id='word_1_404' title='bbox 1220 2870 1374 2904; x_wconf 83' lang='lat' dir='ltr'>additur.</span> 
     </span>
    </p>

    <p class='ocr_par' dir='ltr' id='par_1_6' title="bbox 73 2937 1842 3095">
     <span class='ocr_line' id='line_1_42' title="bbox 189 2937 1840 2981; baseline 0 -10"><span class='ocrx_word' id='word_1_405' title='bbox 189 2937 215 2977; x_wconf 84' lang='lat'>²)</span> <span class='ocrx_word' id='word_1_406' title='bbox 242 2937 352 2972; x_wconf 87' lang='lat' dir='ltr'>Recte</span> <span class='ocrx_word' id='word_1_407' title='bbox 387 2938 605 2972; x_wconf 86' lang='lat' dir='ltr'>Herwerden</span> <span class='ocrx_word' id='word_1_408' title='bbox 632 2942 668 2972; x_wconf 89' lang='lat' dir='ltr'>et</span> <span class='ocrx_word' id='word_1_409' title='bbox 702 2938 840 2973; x_wconf 73' lang='lat' dir='ltr'>(‘3r0iset</span> <span class='ocrx_word' id='word_1_410' title='bbox 865 2939 1006 2980; x_wconf 82' lang='lat' dir='ltr'>dicunt,</span> <span class='ocrx_word' id='word_1_411' title='bbox 1045 2938 1161 2972; x_wconf 87' lang='lat' dir='ltr'>verbis</span> <span class='ocrx_word' id='word_1_412' title='bbox 1195 2939 1243 2969; x_wconf 70' lang='grc' dir='ltr'>ἴῃ</span> <span class='ocrx_word' id='word_1_413' title='bbox 1276 2938 1388 2979; x_wconf 71' lang='grc' dir='ltr'><em>μείζω</em></span> <span class='ocrx_word' id='word_1_414' title='bbox 1422 2938 1548 2981; x_wconf 81' lang='lat' dir='ltr'>exponi</span> <span class='ocrx_word' id='word_1_415' title='bbox 1584 2937 1739 2971; x_wconf 64' lang='lat' dir='ltr'>Atticum</span> <span class='ocrx_word' id='word_1_416' title='bbox 1776 2937 1840 2971; x_wconf 81' lang='lat' dir='ltr'>hac</span> 
     </span>
     <span class='ocr_line' id='line_1_43' title="bbox 73 2993 1842 3038; baseline 0.001 -12"><span class='ocrx_word' id='word_1_417' title='bbox 73 2993 236 3027; x_wconf 79' lang='lat' dir='ltr'>exsulum</span> <span class='ocrx_word' id='word_1_418' title='bbox 275 2994 473 3029; x_wconf 83' lang='lat' dir='ltr'>accessione</span> <span class='ocrx_word' id='word_1_419' title='bbox 507 2995 674 3029; x_wconf 82' lang='lat' dir='ltr'>maiorem</span> <span class='ocrx_word' id='word_1_420' title='bbox 710 2996 841 3029; x_wconf 79' lang='lat' dir='ltr'>factam</span> <span class='ocrx_word' id='word_1_421' title='bbox 885 3006 959 3029; x_wconf 86' lang='lat' dir='ltr'>esse</span> <span class='ocrx_word' id='word_1_422' title='bbox 993 3006 1098 3038; x_wconf 89' lang='lat' dir='ltr'>quam</span> <span class='ocrx_word' id='word_1_423' title='bbox 1134 2995 1332 3030; x_wconf 77' lang='lat' dir='ltr'>stabilitate</span> <span class='ocrx_word' id='word_1_424' title='bbox 1367 2995 1559 3029; x_wconf 82' lang='lat' dir='ltr'>incolarum</span> <span class='ocrx_word' id='word_1_425' title='bbox 1595 2994 1664 3028; x_wconf 85' lang='lat' dir='ltr'>iam</span> <span class='ocrx_word' id='word_1_426' title='bbox 1704 2994 1842 3028; x_wconf 74' lang='lat' dir='ltr'>fuisset.</span> 
     </span>
     <span class='ocr_line' id='line_1_44' title="bbox 74 3050 1711 3095; baseline 0.001 -13"><span class='ocrx_word' id='word_1_427' title='bbox 74 3050 117 3083; x_wconf 83' lang='lat' dir='ltr'>Id</span> <span class='ocrx_word' id='word_1_428' title='bbox 143 3051 235 3092; x_wconf 77' lang='lat' dir='ltr'>quod</span> <span class='ocrx_word' id='word_1_429' title='bbox 262 3051 428 3085; x_wconf 75' lang='lat' dir='ltr'>facillime</span> <span class='ocrx_word' id='word_1_430' title='bbox 454 3062 475 3084; x_wconf 82' lang='lat' dir='ltr'>a</span> <span class='ocrx_word' id='word_1_431' title='bbox 500 3052 628 3086; x_wconf 86' lang='lat' dir='ltr'>lectore</span> <span class='ocrx_word' id='word_1_432' title='bbox 655 3052 890 3095; x_wconf 73' lang='lat' dir='ltr'>intellegitur,</span> <span class='ocrx_word' id='word_1_433' title='bbox 917 3062 1030 3095; x_wconf 87' lang='lat' dir='ltr'>neque</span> <span class='ocrx_word' id='word_1_434' title='bbox 1057 3057 1140 3086; x_wconf 78' lang='lat' dir='ltr'>sunt</span> <span class='ocrx_word' id='word_1_435' title='bbox 1167 3056 1270 3095; x_wconf 78' lang='lat' dir='ltr'>aptae</span> <span class='ocrx_word' id='word_1_436' title='bbox 1297 3051 1432 3094; x_wconf 63' lang='lat' dir='ltr'>¹Steupii</span> <span class='ocrx_word' id='word_1_437' title='bbox 1459 3051 1711 3085; x_wconf 76' lang='lat' dir='ltr'>dubitationes.</span> 
     </span>
    </p>
   </div>
  </div>
 </body>
</html>
