2061 3337
931 129 1214 169 —15—

187 245 233 283 et
264 254 348 282 non
378 242 421 282 in
455 253 675 283 commune
706 240 913 282 iudicium
946 241 1135 282 animum
1169 242 1401 282 advertere
1433 242 1596 292 volunt,
1638 242 1956 284 demonstrabit

187 321 233 350 se
264 309 402 350 maius
435 308 571 350 fuisse
603 308 860 360 prioribus“.
931 309 1095 350 Horum
1135 307 1352 350 hominum
1395 313 1515 350 recte
1560 309 1848 352 iudicantium
1889 313 1956 351 est

187 381 339 418 auctor
371 376 474 428 ipse,
506 381 557 417 ut
587 377 699 417 hanc
741 388 909 428 quoque
952 376 1218 418 sententiam
1261 376 1533 419 substituere
1573 377 1809 429 possimus:
1851 379 1957 430 „hoc

148 476 151 479 .
186 444 346 485 bellum
379 444 518 486 maius
549 443 686 486 fuisse
717 443 938 496 prioribus
981 444 1086 485 mihi
1127 456 1196 486 res
1237 449 1389 497 gestas
1427 445 1683 497 respicienti
1729 446 1956 498 apparet“.

188 511 363 553 Falsam
394 524 496 563 vero
529 511 725 554 Classeni
771 512 1183 564 interpretationem
1221 512 1367 554 effecit
1406 514 1588 555 verbum
1626 504 1805 568 δηλώσει
1845 514 1956 556 indi-

186 580 332 620 cativo
349 579 489 621 futuri
509 579 730 631 scriptum,
763 581 874 632 quod
897 581 977 622 hoc
993 582 1084 622 1000
1103 581 1324 633 adaequat
1352 582 1598 633 optativum
1626 594 1720 624 cum
1736 582 1956 634 particula

185 645 236 686 ἄν
268 648 554 699 coniunctum.
593 660 739 689 casum
773 648 1059 700 potentialem
1090 649 1164 701 qui
1195 649 1360 691 dicitur
1399 648 1544 704 δηλοίη
1585 647 1637 689 ἄν
1681 649 1751 699 (cf.
1782 649 1959 702 Kriiger

186 714 380 766 Sprachl.
412 716 435 769 ξ
468 716 533 769 53,
567 716 619 758 10
652 718 775 758 Anni.
805 717 858 770 4).
918 717 1077 769 Itaque
1109 730 1203 759 cum
1249 721 1401 760 auctor
1440 719 1494 760 de
1525 730 1601 760 suo
1642 717 1748 760 belli
1793 718 1956 760 iudicio

186 795 208 824 e
239 784 368 824 rebus
401 784 540 835 gestis
571 786 699 826 ducto
746 790 864 837 agat,
907 797 990 826 non
1031 785 1240 828 miramur
1279 798 1375 828 eum
1415 786 1548 828 nullis
1589 786 1678 828 iam
1720 786 1956 828 sententiis

184 851 449 893 intermissis
481 853 632 894 statim
657 853 708 894 de
732 853 822 895 suis
845 854 950 895 belli
974 854 1249 895 describendi
1281 854 1527 896 rationibus
1550 854 1784 907 explicare,
1815 867 1956 907 neque

185 932 277 960 cum
312 920 580 962 schwartzio
614 921 913 964 desideramus
946 923 1213 964 sententiam
1247 924 1361 974 „und
1393 922 1539 964 diesen
1572 922 1712 975 Krieg
1741 924 1856 965 habe
1887 923 1957 965 ich

184 1001 238 1029 zu
270 988 554 1030 beschreiben
587 992 955 1043 unte1·nommen“‚
987 991 1247 1042 praesertim
1281 1003 1375 1033 cum
1408 990 1687 1044 Thucydides
1718 992 1831 1033 hanc
1862 1004 1958 1034 sen-

184 1056 368 1097 tentiam
404 1057 531 1099 initio
564 1057 701 1099 totius
733 1058 877 1110 operis
909 1059 1189 1111 expresserit.

300 1125 622 1176 Explicationis
664 1126 937 1178 insequentis
980 1128 1091 1169 duae
1134 1132 1237 1169 sunt
1274 1134 1438 1180 partes.
1479 1128 1637 1179 quibus
1679 1127 1958 1180 Thucydides

183 1194 237 1235 de
268 1193 539 1235 orationibus
570 1200 616 1236 et
647 1196 699 1236 de
731 1196 861 1237 rebus
892 1196 1034 1248 gestis
1066 1196 1298 1238 narrandis
1321 1196 1428 1248 agit,
1459 1209 1642 1249 quarum
1664 1208 1741 1237 nos
1770 1196 1958 1249 priorem

185 1263 237 1303 de
269 1262 540 1304 orationibus
574 1268 776 1315 agentem
820 1264 949 1306 alteri
991 1264 1298 1307 subiuncturos
1340 1277 1447 1317 esse,
1490 1270 1536 1306 ut
1581 1276 1630 1306 eo
1671 1265 1824 1307 melius
1862 1277 1958 1307 sen-

182 1330 352 1372 tentiae
387 1331 491 1383 „hoc
522 1331 683 1373 bellum
717 1331 974 1374 hominibus.
1006 1332 1079 1384 qui
1111 1345 1177 1374 me
1201 1338 1434 1384 sequentes
1468 1335 1523 1375 ad
1554 1344 1624 1375 res
1655 1337 1805 1385 gestas
1838 1333 1957 1385 ipsas

184 1398 372 1440 animuin
405 1401 655 1442 advertant.
688 1412 732 1442 se
765 1400 906 1443 maius
936 1401 1075 1443 fuisse
1107 1401 1326 1453 prioribus
1357 1403 1700 1445 demonstrabit“
1736 1401 1958 1444 sententia

186 1472 257 1520 „et
288 1468 368 1509 has
400 1467 519 1519 ipsas
551 1480 621 1511 res
653 1473 804 1521 gestas
835 1469 1059 1522 descripsi.
1094 1482 1187 1512 cum
1221 1470 1441 1512 orationes
1473 1471 1706 1524 fingere1n“
1741 1483 1787 1513 se
1820 1470 1955 1522 appli-

184 1542 317 1587 caret.
348 1536 454 1577 mihi
488 1537 781 1579 ll'ilamowitz
815 1538 950 1580 addit.
1010 1538 1076 1580 De
1107 1539 1379 1581 orationibus
1409 1541 1518 1582 haec
1541 1541 1739 1593 exponit:
1771 1540 1958 1592 primum

183 1604 363 1646 difficile
394 1604 531 1647 fuisse
564 1607 764 1658 quamvis
797 1607 1035 1648 orationem
1068 1607 1223 1649 iisdem
1244 1609 1421 1649 tradere
1444 1608 1592 1650 verbis
1625 1609 1782 1661 quibus
1804 1607 1958 1649 habita

185 1673 255 1722 sit,
288 1674 444 1715 deinde
477 1687 522 1716 se
555 1672 629 1716 eas
662 1688 791 1727 quain
834 1675 1020 1717 maxime
1062 1676 1247 1718 veritati
1289 1677 1518 1718 verborum
1562 1679 1800 1729 adaptatas
1844 1677 1958 1718 tales

185 1741 424 1793 scripsisse.
457 1743 608 1795 quales
641 1743 726 1785 sibi
759 1744 946 1786 maxime
987 1744 1297 1786 convenientia
1338 1746 1598 1787 viderentur
1638 1745 1833 1797 tempori.
1893 1745 1957 1786 De

184 1811 314 1852 rebus
346 1811 484 1863 gestis
518 1812 625 1853 haec
656 1812 855 1864 exponit:
902 1812 1087 1864 primum
1120 1825 1165 1854 se
1198 1826 1281 1854 non
1315 1814 1455 1855 cuivis
1487 1814 1641 1855 nuntio
1673 1814 1958 1856 confidentem

185 1880 255 1920 vel
287 1892 409 1921 suain
444 1880 583 1932 ipsius
615 1881 862 1922 memoriam
896 1886 1162 1932 sequentem.
1195 1883 1272 1923 sed
1294 1894 1440 1924 omnes
1472 1882 1749 1924 narrationes
1783 1894 1959 1924 accura-

184 1947 356 1989 tissime
389 1955 712 2000 perscrutatum
746 1949 986 2001 scripsisse,
1020 1950 1176 1991 deinde
1216 1949 1396 1992 difficile
1437 1950 1574 1992 fuisse
1612 1950 1849 1992 veritatem
1892 1963 1958 1992 co-

184 2028 391 2067 gnoscere
423 2021 602 2069 propter
633 2018 780 2059 varios
811 2018 988 2059 nuntios
1021 2018 1329 2060 benevolentia
1360 2019 1543 2070 odioque
1565 2008 1764 2071 partium*
1791 2020 1862 2060 vel
1893 2019 1958 2060 in-

185 2091 305 2125 certa
337 2086 542 2126 memoria
573 2086 851 2137 depravatos.
883 2086 1070 2138 denique
1103 2098 1149 2127 se
1182 2099 1303 2128 suam
1326 2087 1429 2128 belli
1452 2087 1691 2139 historiam,
1724 2099 1833 2138 quae
1857 2099 1959 2129 non-

185 2152 319 2193 nullis
353 2154 460 2194 dura
492 2166 632 2204 neque
664 2154 855 2195 iucunda
888 2155 1029 2195 videri
1062 2158 1220 2207 posset,
1261 2168 1380 2207 „zum
1415 2155 1711 2197 Verstandnis
1744 2157 1821 2196 der
1853 2155 1958 2197 Ver-

184 2222 455 2272 gangenlieit
486 2223 573 2263 und
606 2236 684 2264 zur
713 2223 856 2264 Lehre
888 2222 958 2264 fiir
990 2223 1060 2265 die
1092 2222 1313 2265 Zukunft⁴‘
1359 2230 1403 2265 et
1444 2229 1575 2277 κτῆμα
1617 2220 1660 2271 ἐς
1700 2222 1764 2264 ἀεὶ
1797 2222 1959 2275 μᾶλλον

188 2286 212 2340 ἢ
246 2287 465 2340 ἀγώνισμα
493 2288 535 2338 ἐς
568 2289 614 2331 τὸ
645 2296 909 2344 παραχρῆμα
941 2290 1109 2331 ἀκούειν
1142 2292 1383 2343 scripsisse.

300 2357 491 2400 Duorum
525 2359 683 2410 capitis
714 2359 850 2400 XXII
881 2360 1069 2401 locorum
1092 2360 1359 2402 constructio
1382 2360 1575 2402 difficilis
1598 2365 1676 2402 est.
1735 2360 1787 2400 In
1809 2359 1957 2402 verbis

186 2422 250 2474 οἷς
279 2440 321 2465 τε
354 2424 478 2474 αὐτὸς
509 2432 649 2480 παρῆν
689 2427 758 2467 καὶ
801 2425 921 2478 παρὰ
960 2435 1042 2467 τῶν
1083 2426 1223 2467 ἄλλων
1263 2427 1365 2468 ὅσον
1406 2426 1579 2468 δυνατὸν
1625 2426 1818 2481 ἀκριβείᾳ
1857 2426 1959 2481 περὶ

187 2491 362 2534 ἑκάστου
400 2491 650 2545 ἐπεξελθών
680 2501 799 2537 10010
832 2496 1002 2537 Ullrich
1035 2501 1077 2537 01
1112 2495 1291 2537 Classen
1325 2501 1476 2538 contra
1511 2496 1757 2548 Kriigerum
1789 2492 1959 2545 {negeb

185 2563 282 2602 θών
312 2563 448 2605 1011113
481 2563 730 2605 sententiae
763 2575 856 2605 esse
888 2563 1171 2616 participium
1203 2576 1360 2617 regens
1402 2565 1554 2606 dicunt
1595 2570 1640 2606 et
1680 2564 1780 2606 huic
1821 2564 1958 2616 parti-

185 2631 296 2682 cipio
329 2636 425 2673 arte
458 2633 698 2673 adhaerere
731 2632 867 2674 verba
900 2630 1000 2672 ὅσον
1041 2630 1219 2672 δυνατὸν
1264 2630 1461 2686 ἀκριβείᾳ
1503 2632 1604 2686 περὶ
1647 2629 1844 2685 ἑκάστου,
1883 2632 1959 2674 ubi

186 2698 286 2751 περὶ
321 2696 501 2739 ἑκάστου
533 2712 613 2741 non
649 2712 741 2741 cum
775 2700 955 2752 Steupio
989 2701 1044 2742 ad
1075 2698 1279 2754 ἀκριβείᾳ,
1321 2702 1394 2742 sed
1430 2702 1486 2742 ad
1518 2699 1766 2751 ἐπεξελθών
1806 2701 1957 2742 adiun-

186 2769 374 2820 gendum
408 2773 486 2819 est,
520 2773 568 2809 ut
598 2769 707 2809 haec
738 2768 817 2809 fiat
849 2769 1091 2810 sententia:
1126 2781 1280 2821 „quam
1311 2769 1501 2810 maxima
1524 2768 1758 2821 diligentia
1791 2769 1843 2810 de
1873 2768 1959 2810 sin-

187 2836 302 2888 gulis
333 2836 465 2877 factis
488 2838 831 2888 persc1·utatus“.
895 2836 998 2877 Cum
1021 2836 1170 2878 verbis
1201 2831 1321 2889 ’παρὰ
1343 2843 1428 2876 τῶν
1458 2835 1596 2876 ἄλλων
1617 2848 1686 2878 103
1713 2836 1958 2878 contrarias

186 2905 334 2945 verbis
365 2901 429 2952 οἷς
460 2902 586 2952 αὐτὸς
617 2911 762 2959 παρῆν
785 2904 1001 2946 contineri
1033 2916 1209 2946 necesse
1241 2905 1311 2957 sit,
1345 2905 1512 2948 Ullrich
1545 2904 1696 2956 (Beitr.
1727 2917 1805 2945 zur
1835 2904 1960 2946 Erkl.

189 2973 264 3014 des
287 2972 428 3014 Thuk.
450 2986 487 3025 p.
516 2973 590 3013 127
607 2975 696 3025 sq).
729 2985 855 3024 quem
878 2973 1012 3025 Steup
1035 2973 1242 3025 (Anhang
1274 2986 1310 3024 p.
1333 2973 1416 3014 353
1434 2972 1512 3025 sq.)
1543 2973 1754 3025 sequitur,
1786 2973 1959 3024 supple-

187 3040 254 3082 vit
294 3039 364 3079 ”τὰ
426 3041 544 3093 παρὰ
574 3047 656 3080 τῶν
687 3039 831 3080 ἄλλων.
895 3041 1055 3083 Contra
1086 3042 1200 3082 hanc
1222 3040 1515 3082 coniecturam
1538 3040 1664 3082 Stahl
1695 3044 1814 3082 recte
1845 3038 1960 3081 dixit
