2061 3337
861 143 1143 185 —45-

108 256 233 297 dum:
265 250 415 309 ἐπειδὴ
447 261 531 295 τῶν
551 255 780 309 τυράννων,
813 251 874 295 ὧν
905 252 947 294 οἱ
968 253 1301 306 Λακεδαιμόνιοι
1332 255 1432 304 τοὺς
1462 254 1692 304 πλείστους
1713 255 1883 295 κατέλυ-

108 336 201 371 σαν,
234 320 276 362 οἱ
305 321 541 363 τελευταῖοι
566 321 680 376 πλὴν
711 329 796 362 τῶν
817 318 860 361 ἐν
882 321 1053 376 Σικελίᾳ
1083 320 1166 363 ὑπὸ
1191 321 1547 374 Λακεδαιμονίων
1575 322 1881 377 κατελύθησαν,

108 390 392 444 Thucydides
424 402 446 432 e
479 402 554 433 suo
585 402 702 432 more
736 390 780 432 in
812 403 943 432 unam
975 390 1218 442 comprimit
1236 391 1278 444 ¹).
1311 416 1362 420 -—
1394 391 1446 432 In
1488 391 1755 443 parenthesi,
1796 403 1884 443 qua

108 459 318 512 quomodo
348 458 443 501 fieri
473 458 680 510 potuerit,
713 462 764 500 ut
794 458 1133 500 Lacedaemonii
1180 462 1391 511 tyrannos
1433 460 1653 512 expellere
1693 463 1884 513 possent,

108 531 264 569 auctor
295 526 498 579 explicat,
530 526 669 568 verba
702 524 776 566 ἐπὶ
805 525 1007 566 πλεῖστον
1037 522 1094 565 ὧν
1125 523 1246 577 ἴσμεν
1276 526 1431 580 χρόνον
1461 540 1544 569 non
1585 531 1705 569 recte
1745 527 1882 569 inter-

110 599 313 648 pretatus
345 597 414 637 est
445 594 637 647 Classen,
669 594 745 646 qui
772 594 1143 636 Lacedaemonem
1176 594 1363 637 omnium
1395 607 1503 646 quas
1535 595 1693 637 scimus
1726 595 1881 638 civita-

108 667 202 706 tum
234 662 533 715 longissimum
565 674 644 714 per
675 666 850 714 tempus
881 666 1040 704 motam
1082 662 1220 704 fuisse
1262 668 1308 705 et
1347 669 1433 702 τῶν
1474 662 1643 703 πόλεων
1679 667 1783 705 ante
1827 660 1884 703 ὧν

107 731 395 784 supplendum
431 742 526 773 esse
558 730 679 773 dicit.
740 729 825 772 Sed
856 730 1057 782 intellegi
1090 742 1172 772 non
1204 734 1363 783 potest,
1395 743 1472 772 cur
1503 728 1562 771 ὧν
1582 729 1701 783 ἴσμεν
1732 744 1881 784 super-

109 800 250 842 lativo
281 798 356 839 ἐπὶ
385 797 588 839 πλεῖστον
618 797 778 852 χρόνον,
820 798 890 840 cui
922 803 1020 840 arte
1061 799 1331 850 adscriptum
1370 805 1450 851 est,
1488 812 1572 842 non
1615 801 1881 852 applicemus

107 880 250 921 neque
281 868 394 909 hunc
425 867 469 908 in
498 868 669 908 modum
701 866 1066 919 interpretemur:
1106 866 1478 909 Lacedaemonem
1511 867 1743 909 maximum
1774 872 1884 910 tem-

107 949 190 990 pus
221 936 410 978 omnium
442 938 695 987 temporum,
737 947 848 987 quae
889 934 1059 987 aliquas
1098 935 1308 977 civitates
1351 938 1491 977 motas
1532 935 1670 978 fuisse
1711 937 1882 990 scimuS,

109 1009 268 1047 motam
314 1003 464 1056 fuisse,
509 1005 582 1045 vel
626 1008 677 1045 ut
722 1003 872 1045 verbis
918 1003 1101 1045 Graecis
1142 1003 1516 1046 circumscribam:
1558 1001 1632 1043 ἐπὶ
1678 1003 1884 1045 πλεῖστον

108 1073 261 1125 χρόνον
294 1073 466 1113 πάντων
491 1071 657 1126 χρόνων
679 1072 751 1120 οὓς
780 1070 931 1119 πόλεις
961 1072 1187 1112 στασιάσαι
1217 1070 1347 1123 ἴσμεν,
1381 1084 1508 1123 quam
1541 1072 1586 1113 in
1617 1072 1882 1115 sententiam

107 1142 242 1184 etiam
277 1140 454 1194 Kr'uger
483 1140 729 1192 explicasse
761 1140 953 1183 videtur.
980 1166 1036 1170 —
1066 1140 1118 1182 In
1150 1153 1203 1182 ea
1235 1152 1347 1191 quae
1380 1141 1517 1183 verba
1549 1137 1593 1180 ἐκ
1615 1139 1882 1181 παλαιτάτου

107 1210 305 1263 explicat
336 1208 561 1251 sententia
603 1205 673 1262 ἔτη
704 1209 786 1262 γάρ
827 1205 918 1248 ἐστι
955 1208 1141 1260 μάλιστα
1180 1208 1426 1262 τετρακόσια
1465 1207 1537 1248 καὶ
1578 1206 1707 1262 ὀλίγῳ
1747 1208 1885 1249 πλείω

108 1276 151 1327 ἐς
181 1277 252 1331 τὴν
282 1276 476 1331 τελευτὴν
516 1275 640 1317 τοῦδε
680 1283 753 1317 τοῦ
785 1276 980 1328 πολέμου
1017 1272 1146 1332 ἀφόὗ
1178 1275 1513 1328 Λακεδαιμόνιοι
1542 1284 1591 1330 τῇ
1624 1275 1727 1331 αὐτῇ
1759 1277 1883 1318 πολι-

107 1348 199 1401 τείᾳ
231 1352 415 1398 χρῶνται
446 1339 522 1398 pro
554 1341 683 1399 ἀφόὗ
705 1345 877 1388 variam
897 1346 1129 1388 lectionem
1152 1344 1181 1385 α’
1201 1346 1367 1387 habent
1398 1347 1533 1387 codex
1563 1345 1609 1386 M
1639 1345 1883 1393 (Britanni-

108 1415 201 1468 cus)
239 1420 283 1456 et
316 1415 612 1466 Hermogenes
642 1415 703 1456 rh.
744 1413 818 1456 Gr.
858 1412 1049 1467 Spengel
1087 1414 1133 1455 II
1165 1427 1205 1466 p.
1236 1414 1331 1466 438,
1372 1426 1500 1466 quam
1542 1413 1675 1455 etiam
1718 1414 1883 1456 scholia

108 1485 253 1527 citant
299 1487 345 1525 et
376 1483 544 1526 Croiset
589 1482 636 1524 in
681 1482 876 1524 editione
920 1483 1089 1535 recepit
1105 1482 1150 1536 2).
1229 1483 1289 1524 Et
1335 1482 1441 1524 mihi
1481 1482 1654 1533 quidem
1696 1483 1883 1525 maxime

108 1552 353 1595 verisimile
387 1556 466 1604 est,
496 1553 610 1593 hanc
641 1551 870 1593 lectionem
902 1540 1067 1593 rectar'n
1099 1563 1207 1603 esse,
1240 1563 1334 1592 cum
1366 1563 1449 1592 non
1473 1552 1525 1592 de
1547 1555 1670 1592 certa
1699 1562 1746 1592 re
1779 1554 1881 1592 ante

108 1622 188 1663 hoc
220 1619 427 1672 temporis
459 1619 650 1672 spatium
683 1622 812 1672 gesta
842 1644 897 1649 —-
938 1619 1052 1661 sicut
1084 1619 1127 1661 in
1160 1618 1307 1671 capite
1338 1619 1464 1671 XIII,
1498 1621 1533 1670 4,
1574 1618 1647 1660 ubi
1689 1617 1718 1657 ἅ
1747 1618 1882 1661 scribi

109 1702 192 1732 non
225 1693 370 1741 posset
401 1713 468 1741 —,
499 1689 576 1730 sed
608 1689 661 1729 de
693 1687 899 1730 instituto
930 1700 1009 1740 per
1039 1692 1179 1730 totum
1212 1688 1291 1729 hoc
1322 1687 1531 1739 temporis
1572 1687 1764 1738 spatium
1797 1699 1880 1728 non

109 1762 279 1800 mutato
312 1760 483 1810 agatur,
515 1755 668 1808 itaque
711 1760 865 1797 auctor
897 1756 1042 1797 dicere
1085 1756 1277 1797 noluerit
1322 1759 1425 1797 ante
1457 1754 1591 1796 CCCC
1623 1754 1714 1796 fere
1747 1767 1882 1797 annos

108 1824 556 1868 Lacedaemoniorum
587 1823 788 1866 civitatis
831 1828 995 1866 statum
1027 1824 1216 1875 positum
1257 1835 1366 1875 esse,
1404 1824 1480 1865 sed
1522 1834 1599 1875 per
1630 1821 1764 1864 CCCC
1795 1823 1882 1864 iam

108 1905 246 1936 annos
276 1894 392 1935 hunc
422 1896 586 1934 statum
621 1893 791 1934 durare.
862 1891 1044 1934 Credam
1078 1891 1218 1944 igitur
1250 1891 1550 1944 Thucydidem
1582 1890 1610 1931 ἅ
1639 1890 1882 1943 scripsisse,

108 1974 236 2014 quem
259 1960 562 2003 accusativum
585 1960 794 2012 temporis
817 1961 1088 2012 appellamus
1116 1959 1185 2012 (cf.
1220 1960 1394 2011 Kriiger
1415 1959 1609 2011 Sprachl.
1631 1960 1654 2013 ξ
1677 1960 1743 2012 46,
1760 1960 1815 2012 3).
1837 1963 1883 2001 et

108 2025 240 2085 ἀφόὗ
273 2041 367 2071 esse
399 2030 617 2080 glossema
648 2040 702 2070 ex
735 2029 917 2071 aliorum
949 2030 1136 2071 locorum
1170 2028 1374 2081 analogia
1406 2027 1631 2080 irreptum.
1662 2052 1715 2056 -—
1749 2028 1880 2069 Porro

108 2098 358 2141 sententiae
388 2096 411 2150 ἡ
446 2094 489 2137 ἑν
511 2099 756 2151 Μαραθῶνι
785 2098 899 2151 μάχη
920 2095 1076 2152 Μήδων
1098 2095 1209 2151 πρὸξἱ
1234 2084 1687 2150 Ἀθηναίουζὲγένετο,
1721 2095 1883 2149 δεκάτῳ

109 2165 155 2207 δὲ
186 2165 269 2206 ἔτει
299 2165 389 2218 μετ’
421 2164 547 2218 αὐτὴν
577 2160 706 2213 αὖθις
738 2162 760 2205 ὁ
791 2166 1003 2217 βάρβαρος
1031 2171 1090 2218 τῷ
1120 2164 1291 2218 μεγάλῳ
1325 2164 1462 2218 στόλῳ
1492 2161 1566 2204 ἐπὶ
1598 2163 1673 2218 τὴν
1704 2162 1882 2204 Ἑλλάδα

107 2233 428 2286 δουλωσόμενος
460 2229 606 2286 ἦλθεν,
639 2246 899 2285 quamquam
932 2233 1218 2285 subsequenti
1249 2233 1320 2273 καὶ
1351 2232 1534 2286 μεγάλου
1565 2230 1757 2273 κινδύνου
1787 2229 1882 2272 ἐπι-

110 2303 426 2356 κρεμασθέντος
457 2300 502 2342 οἵ
528 2317 572 2342 τε
603 2300 940 2353 Λακεδαιμόνιοι
970 2300 1054 2341 κτλ.
1079 2301 1360 2344 coordinatae
1383 2306 1497 2345 sunt.
1530 2313 1604 2352 pro
1637 2299 1881 2342 subiunctis

110 2371 339 2413 habendae
371 2379 485 2422 sunt,
518 2382 628 2423 quae
671 2371 799 2412 huius
841 2371 1151 2421 subsequentis
1194 2369 1442 2412 sententiae
1484 2382 1641 2411 causas
1684 2370 1882 2410 afferant.

110 2464 165 2468 —
199 2439 432 2490 Postquam
466 2451 536 2480 res
570 2438 686 2480 inter
718 2438 1057 2490 Peloponnesios
1089 2442 1135 2479 et
1158 2438 1452 2480 Athenienses
1483 2442 1634 2489 gestas
1666 2449 1801 2487 usque
1827 2438 1880 2478 ad

110 2508 272 2549 bellum
304 2506 717 2559 Peloponnesiacum
753 2506 1044 2557 adumbravit,
1075 2511 1320 2558 potestates
1343 2505 1443 2547 inde
1466 2505 1569 2546 oriri
1602 2504 1814 2546 describit
1835 2505 1881 2546 in

111 2574 196 2616 fine
230 2574 389 2627 eapitis
420 2574 599 2616 XVIII:
641 2574 745 2614 ὥστε
778 2572 864 2614 ἀπὸ
905 2580 991 2613 τῶν
1023 2572 1222 2627 Μηδικῶν
1252 2572 1294 2621 ἐς
1323 2572 1441 2614 τόνδε
1484 2571 1551 2612 ἀεὶ
1592 2571 1662 2612 τὸν
1693 2571 1882 2622 πόλεμον

112 2642 165 2682 τὰ
196 2641 274 2693 μὲν
306 2641 591 2694 σπενδόμενοι
623 2641 674 2682 τὰ
707 2640 751 2681 δὲ
782 2641 1067 2693 πολεμοῦντες
1098 2639 1121 2693 ἢ
1154 2640 1349 2695 ἀλλήλοις
1379 2638 1515 2693 ἢτοῖς
1537 2638 1699 2680 ἑαυτῶν
1721 2640 1882 2691 ξυμμά-

111 2725 206 2762 χοις
238 2708 545 2763 ἀφισταμένοις
577 2705 622 2750 εὖ
652 2711 1028 2762 παρεσκευάσαντο
1059 2708 1110 2749 τὰ
1142 2708 1327 2761 πολέμια
1368 2709 1435 2749 καὶ
1470 2705 1767 2761 ἐμπειρότεροι
1799 2704 1885 2760 ἐγέ-

114 2792 232 2819 νοντο
264 2777 370 2829 μετὰ
400 2776 602 2819 κινδύνων
632 2777 707 2825 τὰς
728 2777 905 2830 μελέτας
926 2778 1192 2828 ποιούμενοι.
1256 2777 1340 2819 Ubi
1363 2777 1537 2827 Kri'lger
1568 2777 1702 2818 verba
1734 2775 1785 2815 τὰ
1812 2774 1886 2827 μὲν

113 2846 396 2897 σπενδόμενοι
427 2845 480 2886 τὰ
512 2845 559 2887 δέ
590 2846 767 2897 delevit,
800 2847 911 2898 quod
945 2858 1027 2888 non
1060 2857 1119 2898 eo,
1152 2850 1199 2886 ut
1232 2857 1381 2897 pacem
1414 2845 1622 2897 facerent,
1660 2844 1764 2886 belli
1814 2856 1886 2895 pe-

233 3005 257 3048 ¹)
284 3006 326 3040 ef.
352 3017 459 3049 supra
485 3016 516 3048 p.
542 3005 597 3040 40.

231 3061 258 3103 2)
285 3062 420 3097 codices
447 3063 477 3096 A
503 3066 538 3097 et
566 3063 593 3096 B
618 3062 751 3097 habent
779 3062 902 3095 ambas
928 3062 1096 3095 lectiones
1121 3061 1328 3095 coniunctas
1353 3063 1374 3092 ἃ
1401 3059 1517 3104 ιὶᾳόὗ.
