2061 3337
904 149 1171 190 -40-

146 257 269 310 Quod
302 259 650 300 additamentum
683 271 766 301 non
798 260 842 301 111
865 262 979 302 116110
1004 263 1185 303 6611(16111
1208 262 1560 314 antiquissimam
1582 269 1774 308 aetatem
1804 266 1914 309 refe-

145 327 326 367 rendum
373 338 468 368 esse
501 326 682 369 Classen
724 327 835 370 falso
877 328 1166 383 existimavit,
1206 332 1283 372 sed
1324 336 1444 373 recte
1486 331 1621 385 Steup
1656 334 1725 376 his
1766 335 1915 378 verbis

145 405 398 445 expressum
431 406 526 436 esse
548 396 764 448 cognovit,
796 396 1035 438 cuiusmodi
1066 410 1179 439 nova
1199 398 1378 441 navium
1401 400 1769 444 aedificandarum
1800 403 1914 446 ratio

143 460 323 513 fuisse‘t3
357 462 538 515 accedit,
580 465 692 514 quod
724 464 871 506 verbis
917 465 1077 516 capitis
1108 465 1227 519 XIV,
1261 468 1281 508 1
1324 469 1526 522 φαίνεται
1567 467 1612 509 δὲ
1651 469 1742 509 καὶ
1780 477 1915 511 ταῦτα

228 563 236 570 .
266 530 457 583 τριήρεσι
500 529 577 582 μὲν
625 521 1045 585 ὀλίγαιζχρώμενα,
1093 545 1115 575 6
1157 534 1315 586 quibus
1361 535 1540 578 Classen
1584 537 1696 579 falso
1742 538 1914 589 quidem

144 598 289 639 nullas
323 602 454 640 antea
486 599 688 641 triremes
719 600 857 642 fuisse
889 602 1146 643 concludere
1178 603 1328 656 voluit⁷
1370 604 1503 646 etiam
1536 609 1667 648 antea
1708 608 1780 648 vel
1811 611 1915 649 ante

143 666 398 708 Jonicarun1
431 667 636 709 classium
670 668 816 710 florem
847 668 933 711 iam
979 682 1143 721 paucas
1183 671 1409 714 exstitisse
1449 672 1650 715 triremes
1690 675 1915 726 probatur.

257 735 350 775 Hoc
381 735 472 777 loco
503 741 748 788 sequuntur
780 738 862 779 duo
895 744 1166 792 argumenta,
1198 739 1354 791 quibus
1387 753 1497 792 quae
1530 742 1582 783 de
1605 742 1914 795 antiquissima

144 802 464 845 Corinthiorum
521 804 809 857 navigatione.
864 808 1104 849 traduntur
1153 807 1382 862 (λέγονται)
1432 810 1602 851 0111111110
1653 812 1913 862 probentur:

145 871 439 912 Ameinoclem
463 872 735 914 Corinthium
763 873 922 916 Samiis
955 874 1055 917 CCC
1088 876 1215 918 annis
1247 883 1350 918 ante
1371 876 1499 918 finem
1521 878 1627 920 belli
1649 879 1912 931 Peloponne-

144 938 253 980 siaci
285 944 495 991 quattuor
526 953 662 982 naves
704 941 1010 985 aedificavisse
1050 969 1102 973 —
1145 945 1230 986 hae
1269 957 1406 987 naves
1447 946 1672 988 fuerintne
1713 947 1913 990 triremes

143 1019 199 1048 611
231 1019 326 1059 11011,
369 1020 453 1058 qua
487 1009 538 1049 de
571 1021 617 1050 re
651 1014 823 1051 certant
865 1011 992 1064 docti,
1034 1024 1056 1053 e
1089 1012 1360 1066 Thucydidis
1406 1013 1554 1056 verbis
1597 1013 1708 1056 satis
1754 1014 1914 1058 discer-

143 1076 330 1116 nendum
364 1088 445 1117 non
478 1077 574 1129 erit,
621 1082 768 1119 tamen
802 1079 853 1119 de
886 1078 1140 1123 triremibus
1183 1080 1256 1133 agi
1297 1093 1319 1122 e
1350 1093 1398 1122 re
1439 1081 1536 1133 ipsa
1577 1082 1817 1125 verisimile
1847 1084 1913 1126 vi-

143 1144 273 1184 detur
314 1168 379 1197 —‚
420 1148 463 1185 et
507 1145 859 1197 antiquissimam
903 1147 1166 1190 Graecorum
1209 1150 1440 1191 memoriae
1480 1163 1672 1202 pugnam
1711 1153 1914 1194 navalem

143 1211 292 1253 CCLX
325 1212 451 1254 annis
485 1218 588 1254 ante
620 1213 747 1255 finem
780 1215 886 1256 belli
918 1216 1279 1268 Peloponnesiaci
1309 1217 1426 1260 inter
1459 1217 1705 1261 Corinthios
1738 1225 1783 1261 et
1814 1219 1914 1262 Cer-

142 1292 322 1333 cyraeos
354 1281 626 1323 commissam
659 1294 765 1324 esse.
826 1283 994 1336 Quibus
1027 1286 1299 1337 argumentis
1331 1286 1481 1328 allatis
1504 1287 1687 1338 primam
1716 1287 1837 1330 illam
1859 1289 1914 1331 de

141 1348 428 1401 navigatione
461 1351 577 1401 apud
609 1349 855 1393 Corinthios
888 1352 1069 1405 vigente
1105 1353 1440 1395 affirmationem
1482 1355 1668 1406 amplius
1714 1356 1913 1408 exponit:

139 1417 346 1459 habuisse
379 1429 450 1458 eos
482 1419 536 1459 ab
570 1419 890 1470 antiquissimis
922 1421 1189 1472 temporibus
1222 1422 1519 1464 commercium
1542 1428 1767 1476 terrestre,
1798 1426 1913 1467 unde

142 1485 325 1527 divit-ias
358 1497 429 1527 eos
464 1486 549 1528 sibi
597 1487 827 1538 paravisse
875 1494 1029 1540 poetae
1079 1494 1218 1532 testes
1264 1494 1421 1543 essent,
1463 1495 1556 1533 tum
1601 1492 1791 1534 navibus
1836 1505 1914 1544 per

140 1553 370 1596 Graeciam
403 1554 582 1596 usitatis
615 1557 754 1597 classe
785 1561 944 1608 parata
976 1557 1241 1600 maritimum
1274 1558 1573 1601 commercium
1603 1561 1807 1602 terrestri
1839 1562 1914 1603 ad-

141 1622 303 1664 didisse
335 1622 488 1675 itaque
518 1629 672 1674 postea
704 1630 890 1676 utroque
923 1626 1174 1668 commercio
1207 1626 1368 1668 divites
1399 1628 1539 1669 factos
1571 1639 1666 1670 esse
1684 1628 1726 1681 1).
1777 1629 1912 1682 Steup

138 1690 185 1732 111
217 1690 387 1732 duabus
419 1692 548 1733 huius
575 1693 845 1744 paragraphi
876 1694 1008 1735 rebus
1041 1694 1233 1737 offendit.
1292 1695 1483 1737 Primum
1505 1697 1642 1738 verba
1662 1703 1748 1736 τῶν
1777 1696 1911 1752 Ἑλλή-

141 1773 220 1797 νων
254 1756 301 1797 τὸ
335 1757 472 1798 πάλαι
503 1759 609 1799 κατὰ
641 1765 713 1813 γῆν
742 1759 795 1799 τὰ
825 1760 961 1801 πλείω
995 1760 1017 1814 ἢ
1050 1761 1155 1801 κατὰ
1185 1761 1409 1803 θάλασσαν
1439 1770 1520 1803 τῶν
1550 1778 1597 1804 τε
1627 1761 1743 1813 ἐντὸς
1782 1764 1911 1806 Πελο-

139 1827 353 1881 ποννήσου
384 1828 454 1866 καὶ
486 1835 567 1867 τῶν
599 1825 681 1879 ἔξω
714 1826 785 1868 διὰ
816 1835 889 1884 τῆς
921 1826 1085 1869 ἐκείνων
1115 1830 1220 1884 παρ)
1243 1829 1449 1885 ἀλλήλους
1469 1828 1789 1886 ἐπιμισγόντων
1821 1846 1911 1876 cor-

137 1899 269 1947 rupta
302 1896 371 1937 vel
405 1896 613 1938 lacunosa
646 1909 741 1939 esse
773 1902 915 1951 putat,
947 1910 1041 1940 cum
1074 1899 1212 1941 verba
1242 1899 1286 1942 (a
1318 1899 1513 1942 Croiseto
1546 1902 1708 1955 deleta)
1753 1908 1837 1941 τῶν
1866 1916 1913 1942 τε

137 1960 253 2011 ἐντὸς
282 1963 612 2018 Πελοποννήσου
659 1964 727 2004 καὶ
773 1972 857 2005 τῶν
886 1963 982 2017 ἔξω,
1025 1979 1137 2019 quae
1179 1968 1314 2009 totius
1355 1969 1604 2010 sententiae
1644 1970 1911 2022 gravissima

138 2036 297 2085 essent,
330 2045 413 2073 non
445 2033 555 2074 satis
587 2034 805 2075 eminente
838 2035 928 2076 loco
951 2047 1091 2086 neque
1114 2036 1251 2077 verba
1284 2034 1354 2076 διὰ
1376 2041 1446 2090 τῆς
1468 2033 1645 2085 ἐκείνων,
1678 2050 1789 2090 quae
1812 2042 1912 2090 post

134 2099 348 2153 xazdysyv
379 2099 431 2140 τὰ
464 2100 599 2140 πλείω
642 2102 811 2154 scripta
853 2108 1229 2157 exspectarentur,
1266 2107 1385 2145 recto
1425 2105 1518 2146 1000
1559 2105 1705 2156 posita
1751 2110 1910 2148 essent.

137 2168 223 2210 Sed
264 2180 345 2209 non
389 2169 690 2222 intellegebat,
734 2171 1032 2223 Thucydidem
1074 2173 1154 2213 hoc
1194 2173 1284 2214 loco
1325 2173 1483 2214 iterum
1525 2185 1548 2215 e
1589 2186 1665 2216 suo
1707 2186 1822 2215 more
1865 2174 1911 2216 in

138 2249 267 2278 unam
290 2238 654 2289 comprehendere
677 2239 785 2280 duas
810 2240 1057 2281 sententias
1078 2241 1180 2282 has:
1215 2240 1399 2291 „Graeci
1422 2241 1617 2293 antiquis
1640 2243 1911 2301 temporibus

136 2305 277 2356 magis
309 2318 387 2357 per
419 2312 581 2347 terram
615 2319 742 2358 quam
775 2319 854 2359 per
884 2320 1005 2349 mare
1039 2309 1338 2350 commercium
1370 2309 1620 2351 faciebant“
1654 2315 1699 2352 et
1724 2310 1909 2361 „Graeci

137 2378 265 2413 extra
298 2378 341 2414 et
383 2373 503 2415 intra
534 2374 878 2426 Peloponnesum
918 2375 1176 2417 habitantes
1217 2388 1296 2428 per
1336 2377 1507 2419 illorum
1553 2377 1908 2432 (Corinthiorum)

132 2439 245 2481 fines
273 2442 573 2483 commercium
606 2441 868 2484 faciebant.“
931 2443 1053 2496 Quae
1084 2444 1148 2485 ita
1177 2450 1280 2486 sunt
1311 2457 1512 2498 conexae,
1542 2450 1591 2487 111
1613 2447 1761 2488 eodem
1783 2458 1909 2498 prae-

137 2507 282 2550 dicato
324 2509 582 2551 coniunctae
625 2515 669 2551 et
711 2511 856 2552 altera
888 2511 1019 2552 alteri
1048 2512 1210 2554 innexa
1243 2512 1314 2565 sit,
1355 2525 1450 2555 cum
1491 2525 1567 2555 nos
1608 2513 1793 2566 priorem
1824 2521 1908 2554 τῶν

138 2574 341 2625 Ἑλλήνιον
372 2576 419 2616 τὸ
452 2577 587 2617 πάλαι
619 2578 726 2618 κατὰ
757 2584 830 2632 γῆν
860 2578 913 2618 τὰ
944 2579 1081 2619 πλείω
1114 2579 1263 2634 ἤκατὰ
1291 2580 1517 2621 θάλασσαν
1556 2581 1663 2636 παρ’
1704 2580 1909 2637 ἀλλήλους

135 2641 461 2697 ἐπιλιιισγόντων,
496 2658 607 2697 quae
640 2646 834 2688 continet
866 2648 1152 2699 condiciones,
1185 2649 1342 2700 quibus
1374 2650 1567 2691 secunda
1598 2657 1680 2690 τῶν
1718 2665 1762 2690 τε
1793 2647 1907 2698 ἐντὸς

134 2711 465 2767 Πελοποννήσου
498 2713 567 2753 καὶ
598 2720 681 2753 τῶν
710 2712 790 2764 ἔξω
823 2714 894 2755 διὰ
926 2722 1000 2771 τῆς
1031 2715 1199 2756 ἐκείνων
1230 2717 1336 2771 παρ’
1359 2716 1564 2772 ἀλλήλους
1595 2715 1908 2772 ἐπιμισγόντων

134 2779 231 2821 fieri
262 2782 417 2832 potuit,
441 2782 541 2823 huic
563 2784 780 2824 secundae
804 2784 1168 2836 subiungeremus
1190 2786 1304 2827 hunc
1333 2785 1378 2827 in
1400 2787 1593 2828 modum:
1626 2798 1747 2838 „cum
1770 2785 1905 2828 Grae-

254 2951 277 2993 1“)
305 2950 454 2985 Omnino
481 2962 747 2995 supervacanea
781 2958 816 2988 et
840 2953 933 2987 falsa
970 2957 1025 2988 est
1048 2954 1186 2997 Steupii
1220 2955 1432 2999 coniectura,
1467 2954 1528 2998 qui
1561 2952 1812 2996 δυνατωτάτην
1841 2966 1904 2999 pro

135 3005 288 3047 ὸι-ι-ιιτήν
313 3007 455 3051 scribit;
481 3019 552 3043 non
578 3009 670 3043 enim
697 3014 822 3044 auctor
840 3010 937 3053 dicit,
965 3010 1173 3045 Corinthum
1192 3011 1478 3055 potentissimam
1503 3012 1600 3046 illius
1624 3012 1755 3046 aetatis
1779 3013 1904 3047 urbem

135 3063 256 3105 fuisse,
283 3064 342 3098 sed
369 3074 445 3098 eam
473 3065 516 3099 ab
541 3069 694 3108 utraque
720 3071 834 3109 parte,
860 3070 955 3101 terra
981 3068 1151 3111 marique,
1177 3072 1360 3111 potentem
1385 3068 1505 3103 fuisse.
