2061 3337
846 140 1130 182 -33-

97 253 298 296 Troicum
345 258 500 307 agmen
550 254 657 296 alios
702 253 865 307 coegit,
911 255 1025 305 quod
1075 266 1207 305 supra
1238 251 1593 295 'memoravimus
1669 252 1865 304 Apparet

98 322 211 364 enim
245 324 350 364 etc.“
412 322 506 364 Non
538 322 676 374 igitur
716 322 986 364 collectionis
1029 334 1174 373 causa,
1215 323 1291 363 sed
1335 322 1388 363 ad
1430 321 1695 362 illustranda
1726 319 1866 373 parti-

98 389 225 443 cipia,
256 402 367 442 quae
399 402 559 443 graves
591 390 836 432 sententias
868 389 1104 442 continent,
1136 391 1215 431 hoc
1245 390 1336 432 1000
1368 389 1515 441 priora
1542 389 1679 431 verba
1710 388 1866 441 repeti,

98 458 394 500 collectionem
425 470 528 500 vero
559 470 642 499 non
676 459 827 499 adesse
860 457 1073 500 existimo.

214 525 477 568 Accuratius
510 528 652 568 autem
695 526 829 567 etiam
871 526 1141 578 disponenda
1183 529 1250 567 est
1291 525 1558 577 paragraphi
1592 525 1616 565 2
1648 523 1867 576 expositio

100 594 144 636 in
177 607 306 636 unam
339 594 606 636 sententiam
637 606 892 645 compressa.
954 592 1179 636 Schwartz
1223 593 1335 634 enim
1371 594 1392 633 1.
1426 593 1451 633 1.
1482 605 1521 645 p.
1553 592 1635 634 208
1668 604 1728 644 sq.
1770 604 1864 633 eam

97 673 248 704 carere
284 662 396 704 bona
437 661 758 703 constructione
789 665 993 712 rectoque
1037 661 1355 703 sententiarum
1399 673 1562 702 conexu
1605 661 1869 712 plenamque

97 742 194 772 esse
226 729 537 782 repetitionum
569 729 763 771 inanium
796 728 916 770 dicit.
981 729 1087 770 Eius
1130 728 1389 770 offensiones
1427 733 1628 780 repetere
1661 727 1767 769 nihil
1800 727 1864 768 in-

95 801 248 849 terest,
295 799 368 840 sed
402 801 565 839 rectam
609 797 977 838 constructionem
1021 798 1271 848 explanare.
1330 796 1451 838 Duas
1492 808 1561 837 res
1609 801 1760 837 auctor
1792 808 1864 837 ex-

95 866 220 919 ponit
250 865 369 908 tradi
401 878 427 908 a
458 865 746 918 scriptoribus
778 864 1158 916 Peloponnesiacis
1191 864 1456 906 fidelissimis
1499 889 1551 893 ——
1593 869 1711 905 recte
1750 864 1864 905 enim

95 936 175 977 hoc
220 935 310 976 loco
351 934 534 975 Haacke
574 933 739 975 Kohler
784 933 982 985 plerique
1032 934 1299 984 interpretes
1341 933 1477 974 verba
1528 930 1569 971 οἱ
1621 931 1867 985 δεδεγμένοι

98 1002 454 1057 Πελοποννησίων
484 1006 580 1044 arte
612 1001 890 1044 coniunxisse
921 1001 1130 1043 videntur
1151 1017 1226 1041 -;
1258 1001 1443 1052 primum
1475 1002 1677 1052 Pelopem
1710 1000 1866 1052 opibus

99 1083 153 1113 ex
194 1071 301 1113 Asia
352 1083 496 1113 secum
538 1070 688 1112 allatis
737 1073 909 1112 tantam
961 1069 1044 1111 sibi
1087 1071 1329 1122 potentiam
1368 1069 1619 1121 paravisse,
1660 1072 1710 1111 ut
1753 1067 1870 1108 ἑπώ-

99 1153 228 1191 νυμος
271 1133 412 1181 novae
455 1142 603 1180 terrae
648 1138 774 1180 fieret
817 1163 868 1167 —
910 1138 980 1180 hic
1024 1139 1271 1190 graviorem
1317 1137 1583 1180 sententiam
1631 1136 1864 1189 participio

99 1219 349 1260 expressam
395 1207 551 1249 leviori
597 1206 874 1248 subiunctam
915 1218 1010 1248 esse
1058 1210 1242 1259 apparet
1275 1206 1344 1260 (cf.
1376 1218 1507 1257 supra
1540 1218 1579 1258 p.
1610 1205 1664 1246 32
1697 1206 1793 1246 adn.
1824 1206 1867 1255 4)

99 1301 165 1330 —,
216 1276 372 1318 deinde
412 1274 600 1327 posteris
641 1273 734 1316 eius
774 1275 1016 1327 potentiam
1061 1275 1194 1317 etiam
1236 1280 1409 1317 auctam
1458 1286 1574 1325 esse;
1626 1273 1700 1315 ubi
1755 1285 1868 1324 quae

98 1356 169 1387 res
216 1345 330 1386 hanc
374 1343 615 1396 potentiam
663 1346 929 1385 crescentem
973 1342 1248 1385 adiuvissent
1295 1343 1421 1385 addit
1467 1342 1608 1384 tribus
1646 1341 1869 1394 genetivis

100 1412 335 1464 absolutis,
377 1424 555 1463 quorum
600 1423 677 1453 nos
723 1412 959 1453 secundum
1002 1414 1047 1452 et
1087 1412 1268 1453 tertium
1325 1411 1467 1463 prisco
1520 1410 1729 1452 sermonis
1785 1421 1866 1450 usu

100 1481 374 1524 coordinatos
407 1480 590 1521 alterum
624 1478 756 1521 alteri
792 1479 1198 1521 subordinaremus:
1229 1483 1410 1522 mortem
1443 1477 1683 1532 Eurysthei
1715 1476 1866 1531 (Εὐριπ-

99 1550 244 1597 σθὲως
273 1546 348 1600 μὲν
380 1544 424 1587 ἐν
457 1554 505 1601 τῇ
536 1547 697 1602 Ἀττικῇ
731 1543 817 1587 ὑπὸ
858 1546 1136 1599 Ἡρακλειδῶν
1173 1546 1502 1600 ἀποθανόντος),
1539 1548 1656 1589 inter
1687 1548 1867 1588 Atreum

101 1621 146 1660 et
176 1617 475 1670 Eurystheum
508 1616 785 1668 agnationem
817 1614 1008 1670 (Ἀτρέως
1049 1615 1093 1656 δὲ
1133 1615 1292 1672 μητρὸς
1330 1614 1520 1670 ἀδελφοῦ
1561 1614 1683 1663 ὄντος
1723 1613 1869 1666 αὐτῷ),

98 1697 283 1739 regnum
313 1685 594 1737 Mycenarum
629 1686 764 1726 Atreo
797 1685 850 1726 ab
873 1684 1123 1738 Eurystheo
1155 1685 1427 1727 commissum
1450 1684 1535 1738 (καὶ
1558 1681 1870 1735 ἐπιτρέψαντος

98 1752 360 1809 Εὐρυσθέως
382 1751 444 1792 ὅτ’
467 1751 687 1805 ἐστράτευε
708 1753 900 1807 Μυκήνας
920 1768 966 1793 τε
988 1753 1060 1793 καὶ
1080 1752 1152 1806 τὴν
1173 1751 1308 1808 ἀρχὴν
1329 1756 1434 1792 κατὰ
1456 1750 1504 1792 τὸ
1529 1749 1686 1791 οἰκεῖον
1714 1749 1868 1804 Ἀτρεῖ).

101 1821 270 1876 Quibus
301 1821 430 1862 rebus
462 1820 704 1872 potentiam
736 1824 1002 1863 crescentem
1048 1822 1365 1864 adiuvantibus
1406 1820 1558 1862 allatis
1600 1831 1669 1860 res
1715 1823 1868 1871 gestae

100 1894 351 1942 narrantur,
383 1889 541 1939 quibus
574 1892 727 1930 auctus
759 1889 985 1941 potentiae
1018 1901 1194 1941 prorsus
1226 1889 1435 1939 evenerit,
1476 1892 1523 1930 ut
1566 1889 1644 1929 hoc
1689 1888 1779 1928 loco
1812 1885 1869 1927 si-

100 1958 266 2001 militer
296 1962 428 2010 atque
460 1957 506 1998 in
536 1957 681 2009 capite
712 1957 749 1998 V
781 1956 849 2008 (cf.
882 1957 999 1999 infra
1030 1970 1069 2010 p.
1101 1957 1171 2011 28)
1213 1969 1282 1998 res
1314 1957 1498 2009 primum
1532 1955 1638 1996 κατὰ
1680 1954 1869 2006 δύναμιν,

101 2026 258 2069 (10111ἀο
284 2025 375 2066 κατ’
407 2022 617 2079 ἐνέργειαν
648 2025 870 2078 expositas
902 2027 1078 2080 habeas,
1121 2037 1232 2077 quae
1275 2026 1442 2078 primae
1483 2025 1703 2077 genetivis
1747 2024 1870 2064 abso-

99 2095 219 2148 lutis,
262 2096 479 2137 secundae
526 2093 794 2136 accusativis
835 2106 930 2136 cum
979 2093 1216 2136 infinitivis
1265 2094 1578 2146 exprimuntur.
1654 2091 1869 2133 Evenisse

101 2166 247 2205 autem
278 2166 431 2205 narrat
464 2162 741 2216 'Phucydides
773 2163 898 2204 haec:
940 2163 1124 2214 primum
1168 2163 1348 2204 Atreum
1396 2161 1564 2214 fugisse
1604 2165 1773 2212 patrem
1817 2183 1868 2187 —-

101 2243 230 2283 quam
262 2231 526 2273 sententiam
558 2235 606 2272 ut
630 2230 911 2283 parenthesin
943 2230 1170 2283 faciamus,
1202 2232 1325 2271 nulla
1351 2235 1416 2271 est
1441 2242 1574 2271 causa
1608 2245 1681 2273 ·-:
1713 2227 1869 2269 deinde

102 2311 198 2341 eum
229 2311 410 2351 regnum
442 2299 724 2351 Mycenarum
762 2299 816 2340 ab
849 2299 1098 2351 Eurystheo
1131 2298 1400 2340 commissum
1435 2302 1530 2349 post
1563 2297 1657 2339 eins
1690 2301 1868 2337 mortem

104 2367 350 2419 suscepisse
387 2366 528 2408 tribus
560 2368 689 2408 rebus
721 2366 930 2419 adiutum,
976 2367 1307 2419 Mycenaeorum
1351 2367 1404 2407 ab
1447 2364 1698 2406 Heraclidis
1740 2367 1869 2413 metu,

102 2435 242 2488 plebis
275 2447 380 2487 erga
411 2446 457 2476 se
478 2435 642 2486 favore,
673 2435 812 2487 ipsius
835 2447 937 2486 erga
960 2435 1128 2487 plebem
1152 2434 1433 2476 blanditione.
1497 2433 1695 2484 Denique
1719 2436 1871 2474 auctor

103 2501 211 2543 haec
241 2499 384 2541 omnia
425 2500 751 2551 comprehendit¹
793 2506 836 2541 et
878 2500 1109 2549 concludit,
1156 2511 1249 2541 cum
1284 2498 1588 2550 Pelopidarum
1630 2497 1696 2538 his
1740 2498 1870 2538 rebus

103 2569 308 2611 maiorem
340 2567 501 2609 factam
531 2579 625 2609 esse
657 2567 896 2619 potentiam
939 2580 1065 2619 quam
1100 2567 1380 2609 Persidarum
1424 2566 1573 2607 tradit.
1648 2566 1869 2606 Habemus

103 2636 243 2690 igitur
272 2635 606 2687 explicationem
641 2637 747 2677 bene
794 2635 1084 2687 compositam,
1127 2637 1204 2677 sed
1245 2634 1528 2685 gravitudine
1575 2633 1784 2675 sermonis
1826 2633 1871 2674 in

102 2717 234 2746 unam
286 2703 550 2746 sententiam
602 2716 914 2755 compressam,
960 2706 1133 2756 plenam
1182 2703 1491 2755 repetitionum
1540 2701 1871 2754 perspicuitatis

105 2771 249 2827 causa,
295 2772 468 2824 plenam
509 2772 810 2824 genetivorum
854 2772 1149 2813 absolutorum
1202 2785 1296 2812 cum
1342 2770 1586 2822 participiis
1629 2770 1871 2812 coniunctis

104 2853 188 2883 uno
211 2841 383 2883 vinculo
406 2842 701 2893 copulatorum
724 2840 997 2891 aliarumque
1020 2852 1161 2881 rerum
1186 2840 1278 2881 stili
1303 2839 1566 2892 Thucydidii
1589 2838 1873 2891 propriarum,

106 2913 358 2961 excerptum
409 2908 606 2962 fortasse,
653 2909 697 2949 id
737 2909 850 2959 quod
896 2908 1083 2949 Kohlero
1126 2907 1487 2959 comprobandum
1529 2912 1608 2951 est.
1650 2919 1703 2948 ex
1743 2918 1872 2958 opere

107 2976 327 3019 Hellanici
345 2975 563 3030 Άργολικά
593 2975 770 3028 (Ἱέρειαι
798 2982 873 3030 τῆς
894 2974 1038 3029 ‘'Hya-g)
1071 2976 1293 3027 inscripto.

221 3043 390 3096 Capitis
421 3044 488 3086 IX
520 3045 797 3096 paragrapho
819 3045 844 3085 5
867 3045 1043 3085 tandem
1067 3048 1218 3085 auctor
1240 3043 1442 3095 pervenit
1471 3045 1525 3084 ad
1550 3043 1687 3094 ipsum
1715 3043 1874 3083 bellum
