2061 3337
746 117 1030 159 -11-

7 238 54 278 et
99 234 323 276 Schwartz
369 235 546 286 negant.
630 229 715 273 Sed
771 228 982 272 eiusmodi
1038 227 1301 270 sententiam
1353 227 1556 278 supplere
1606 224 1776 268 omnino

9 313 185 353 necesse
225 313 308 343 non
350 305 429 343 est.
498 299 628 342 Falso
670 302 814 341 autem
856 298 1208 349 interpretantur
1249 295 1336 336 viri
1377 293 1492 335 docti
1535 297 1580 335 et
1619 293 1689 334 hic
1733 296 1777 334 et

7 370 158 413 multis
199 368 462 424 Thucydidii
504 368 648 420 operis
692 367 798 408 locis
839 365 1101 417 particulam
1143 363 1233 417 γάρ,
1270 374 1411 413 neque
1442 362 1580 414 igitur
1611 365 1776 403 rectum

9 450 216 481 conexum
260 441 570 490 cognoverunt.
644 436 752 477 Nam
795 434 1014 488 particula
1054 433 1133 486 γάρ
1175 444 1257 474 non
1300 443 1476 473 causam
1519 431 1643 472 addit
1684 442 1778 472 sen-

8 507 178 548 tentiae
201 505 492 554 antecedenti,
524 505 599 546 sed
622 502 971 556 explicationem,
1003 513 1091 554 qua
1112 500 1242 542 huius
1264 500 1512 542 sententiae
1534 498 1780 551 singularia

8 599 62 604 —
95 586 207 627 quae
238 574 455 616 interdum
498 584 654 614 causas
694 572 784 614 fere
827 572 1074 623 adaequare
1106 575 1287 621 possunt
1330 592 1382 597 ——
1425 566 1675 608 accuratius
1707 578 1779 607 ex-

8 647 230 695 ponuntur
261 642 331 684 vel
364 644 687 683 enumerantur,
747 639 903 681 Nostro
936 638 1073 690 igitur
1094 637 1184 678 loco
1206 636 1353 677 Verbis
1375 637 1535 689 κίνησις
1565 634 1643 687 γὰρ
1677 633 1779 688 αὕτη

8 712 183 765 μεγίστη
217 708 266 764 δὴ
299 706 460 764 ἐγένετο
503 721 585 751 non
619 708 704 750 alia
738 708 874 750 verba
915 706 1126 759 explicari
1161 717 1283 757 posse
1316 709 1502 756 apparet
1533 703 1617 745 nisi
1649 706 1782 756 μέγαν

9 792 54 818 τε
85 777 155 818 καὶ
194 776 534 829 ἀξιολογώτατον
573 783 657 816 τῶν
697 777 1068 830 προγεγενημέιίυν
1099 774 1256 826 (neque
1287 785 1388 813 vero
1421 771 1625 820 ἐλπίσας).
1671 771 1779 812 Nam

10 847 48 889 si
80 847 216 888 verba
247 844 478 898 ἀρξάμενος
508 844 578 885 καὶ
609 843 787 893 ἐλπίσας
817 843 904 883 κτλ.
938 843 1105 895 scripta
1127 854 1210 884 non
1243 844 1400 893 essent,
1434 840 1605 882 initium
1638 839 1781 892 operis

10 918 129 958 esset
160 915 257 956 hoe:
300 912 555 968 Θουκυδίδης
587 913 829 967 ξυνέγραψε
867 912 938 951 τὸν
975 910 1162 962 πόλεμον
1201 916 1286 949 τῶν
1327 908 1681 962 Πελοποννησίων
1712 906 1783 947 καὶ

12 981 254 1037 Ἀθηναίων
294 981 354 1031 ὡς
394 979 662 1036 ἐπολέμησαν
693 979 806 1033 πρὸς
836 978 1051 1034 ἀλλήλοις.
1126 980 1288 1032 κίνησις
1321 976 1363 1017 δὲ
1395 975 1494 1030 αὕτη
1525 978 1697 1030 μεγίστη
1732 974 1781 1030 δὴ

13 1049 178 1100 ἐγένετο
199 1049 283 1090 κτλ.
335 1051 460 1092 Nunc
492 1062 608 1102 vero,
640 1061 734 1091 cum
767 1052 919 1090 auctor
950 1046 1177 1088 intericiat
1209 1058 1254 1088 se
1285 1045 1412 1087 initio
1445 1045 1548 1086 belli
1580 1044 1786 1097 coepisse.

13 1131 110 1161 cum
148 1122 429 1171 exspectaret
470 1118 514 1160 id
555 1130 759 1170 magnum
801 1120 845 1158 et
887 1115 1166 1157 memorabile
1208 1115 1310 1167 fore,
1352 1114 1487 1155 verba
1518 1115 1674 1167 κίνησις
1704 1111 1787 1153 κτλ.

14 1186 349 1239 explicationem
381 1186 475 1228 fieri
516 1197 694 1228 necesse
736 1189 803 1227 est
835 1184 1063 1226 verborum
1095 1185 1227 1235 μέγαν
1257 1196 1301 1222 τε
1332 1181 1402 1222 καὶ
1435 1180 1786 1234 ἀξιολογώτατον.

15 1255 171 1307 Itaque
208 1254 362 1308 lingua
393 1253 655 1298 Germanica
696 1253 758 1295 sic
789 1254 1046 1305 vertendum
1092 1256 1178 1292 est:
1214 1249 1526 1303 „Thukydides
1558 1249 1786 1291 bescln·ieb

15 1324 99 1365 den
131 1323 280 1377 Krieg,
320 1323 464 1376 gleich
496 1335 549 1364 zu
582 1322 760 1374 Anfang
802 1321 1064 1373 beginnend,
1109 1321 1161 1360 da
1195 1331 1242 1360 er
1274 1322 1586 1359 erwartete
1618 1317 1678 1370 (in
1711 1318 1788 1358 hoc

15 1391 150 1433 Verbo
181 1392 392 1443 quaedam
416 1391 534 1432 vocis
564 1389 765 1443 gravitas
797 1390 995 1442 ponenda
1027 1390 1123 1439 est),
1155 1400 1202 1428 er
1226 1388 1367 1428 werde
1399 1385 1503 1438 gross
1535 1387 1624 1427 und
1656 1386 1788 1426 denk-

17 1459 189 1511 wiirdig
219 1459 314 1502 sein
346 1464 427 1501 etc.
487 1459 549 1500 Es
581 1458 641 1500 ist
673 1459 768 1500 dies
800 1456 988 1499 namlich
1018 1456 1118 1501 (wie
1144 1456 1193 1508 ,ja
1224 1456 1397 1507 daraus,
1430 1453 1513 1495 dass
1545 1454 1615 1496 ich
1648 1454 1789 1495 meine

18 1527 208 1579 einstige
242 1528 512 1580 Erwartuug
552 1527 646 1568 hier
687 1526 904 1579 erwahne,
946 1526 1075 1567 sehon
1108 1523 1392 1576 hervorgeht)
1425 1522 1494 1563 die
1527 1521 1680 1575 griisste
1712 1522 1789 1563 Be-

20 1607 206 1648 wegung
234 1597 464 1648 geworden
497 1596 604 1637 ete.“

133 1664 255 1706 Haec
300 1663 536 1717 explicatio
582 1664 743 1718 κίνησις
788 1663 866 1715 γὰρ
914 1659 1017 1715 αὕτη
1064 1658 1150 1699 κτλ.
1192 1660 1351 1702 iterum
1399 1658 1494 1710 ipsa
1540 1657 1791 1710 explicatur

20 1733 243 1774 Sententia
286 1731 571 1784 subsequenti
612 1731 665 1771 τὰ
696 1730 775 1784 γὰρ
808 1729 892 1782 πρὸ
925 1727 1065 1769 αὐτῶν
1096 1728 1164 1768 καὶ
1196 1727 1248 1767 τὰ
1280 1724 1341 1767 ἔτι
1373 1725 1612 1778 παλαίτερα
1644 1732 1794 1778 σαφῶς

19 1798 96 1852 μὲν
128 1797 264 1854 εὖρεῑν
305 1800 376 1841 διὰ
417 1799 567 1854 χρόνου
607 1799 779 1853 πλῆθος
819 1796 1008 1838 ἀδύνατα
1042 1791 1100 1849 ἦν,
1143 1793 1188 1836 ἐκ
1231 1794 1276 1836 δὲ
1314 1796 1548 1847 τεκμηρίων
1580 1790 1685 1847 ‹inst›
1717 1791 1792 1834 ἐπὶ

20 1869 284 1921 μακρότατον
300 1870 331 1922 ’3)
365 1870 595 1908 σκοποῦντί
624 1882 697 1920 μοι
740 1873 966 1906 πιστεῦσαι,
1007 1865 1226 1917 ξυμβαίνει
1259 1862 1306 1904 οὗ
1345 1862 1508 1914 μεγάλα
1538 1861 1698 1914 νομίζω
1730 1875 1793 1916 γε-

21 1938 174 1979 νέσθαι
217 1936 311 1978 οὔτε
352 1936 461 1977 κατὰ
501 1936 599 1984 τοὺς
630 1935 847 1985 πολέμους
877 1933 970 1973 οὔτε
1004 1933 1046 1982 ἐς
1081 1932 1131 1972 τὰ
1163 1931 1283 1972 ἄλλα.
1345 1931 1431 1973 Ubi
1463 1931 1618 1972 iterum
1653 1919 1795 1971 (twik-

24 2006 162 2048 linski
204 2010 248 2048 et
300 2004 524 2048 Schwartz
566 2015 774 2046 conexum
815 2002 1082 2044 desiderant.
1160 2000 1243 2042 Sed
1286 2000 1323 2042 si
1365 1998 1632 2043 sententias.
1685 2010 1793 2050 quas

24 2074 306 2128 Thucydides
338 2073 623 2125 coordinavit,
655 2076 802 2114 nostro
835 2082 950 2113 more
983 2069 1235 2122 subiungis:
1269 2080 1554 2120 „quamquam
1589 2071 1794 2109 accurate

24 2143 170 2185 omnia
202 2154 461 2195 cognoscere
493 2153 671 2193 nequeo,
711 2146 857 2182 tamen
899 2139 1048 2191 priora
1080 2150 1162 2180 non
1195 2149 1355 2188 magna
1386 2135 1523 2178 fuisse
1555 2135 1798 2177 existimo“.

27 2211 264 2264 cognoscis,
295 2209 594 2264 Thucydidem
625 2207 849 2251 sententia
881 2206 1084 2260 graviore
1116 2206 1167 2247 οὐ,
1204 2203 1368 2257 μεγάλα
1402 2202 1561 2255 νομίζω
1593 2204 1796 2256 γενέσθαι

25 2278 79 2319 τὰ
109 2277 195 2332 πρὸ
227 2277 365 2319 αὐτῶν
393 2278 464 2318 καὶ
495 2276 548 2317 τὰ
577 2274 642 2317 ἔτι
673 2275 912 2328 παλαίτερα
946 2275 1064 2316 illam
1088 2274 1274 2326 priorem
1296 2274 1454 2327 κίνησις
1484 2270 1587 2324 αὕτη
1617 2272 1793 2325 μεγίστη

28 2346 76 2401 ὀὴ
109 2344 273 2400 ἐγένετο
305 2346 538 2400 explicare.
598 2346 709 2388 Nam
750 2356 832 2394 res,
873 2355 985 2395 quae
1026 2342 1109 2384 iam
1152 2341 1301 2383 verbis
1341 2341 1514 2394 μεγίστη
1557 2338 1604 2393 δὴ
1636 2338 1798 2392 ἐγένετο

29 2415 157 2465 inest,
198 2415 344 2468 priora
385 2426 658 2467 magnanon
690 2412 837 2466 fuisse,
877 2411 1011 2453 etiam
1053 2410 1287 2462 praecipue
1320 2408 1576 2451 affirmatur.
1638 2407 1798 2448 Eodem

29 2485 152 2526 modo
184 2484 371 2535 denique
394 2484 532 2524 verba
563 2480 611 2522 οὐ
639 2480 803 2534 μεγάλα
827 2478 987 2531 νομίζω
1019 2479 1219 2532 γενέσθαι
1240 2476 1498 2529 singillatim
1522 2475 1800 2528 explicantur

151 2597 172 2639 ¹)
199 2594 251 2627 ὧν
276 2607 336 2639 pro
362 2594 413 2629 οἶ,-
445 2595 615 2638 seriptum
649 2594 756 2628 verbo
790 2592 978 2624 πιστεῦσαι·
1004 2591 1272 2634 adiungendum
1307 2599 1382 2623 esse
1415 2588 1501 2622 mihi
1528 2598 1605 2621 cuin
1633 2588 1799 2621 Classeuo

31 2653 174 2689 omnino
200 2652 378 2696 convenit,
405 2652 465 2695 qui
483 2655 579 2686 recte
597 2650 724 2694 capitis
742 2648 817 2690 XX,
834 2650 850 2682 1
872 2648 980 2682 verba
998 2650 1101 2679 ,τανιὶ
1120 2648 1196 2687 ἑξῆς
1218 2649 1390 2688 venial-pisy
1416 2651 1592 2676 mantum
1619 2643 1801 2678 adscribit.

148 2710 174 2753 ²)
201 2710 319 2744 Verba
344 2710 399 2741 ἐπὶ
424 2710 661 2751 ,ιιακρότατοη
687 2717 778 2750 quae
797 2706 911 2749 prima
937 2704 1200 2749 significatione
1217 2704 1258 2737 de
1284 2703 1400 2746 spatio
1427 2702 1491 2736 loci
1518 2701 1733 2735 adhibentur
1757 2719 1801 2725 -

34 2777 139 2810 quam
166 2766 466 2811 significationem
495 2765 589 2808 apud
606 2764 825 2799 Herodotum
852 2762 1005 2797 inveniri
1024 2761 1166 2805 Kriiger
1195 2761 1344 2794 adnotat
1368 2779 1413 2782 —
1438 2759 1500 2793 hoc
1527 2758 1600 2792 loco
1627 2768 1695 2791 non
1722 2768 1800 2791 vum

35 2822 210 2867 Kxiigero,
245 2823 305 2866 qui
332 2823 472 2858 Vallum
509 2822 596 2856 alios
622 2821 794 2863 sequitur,
828 2820 864 2854 in
890 2819 1151 2862 longitudinem
1178 2816 1346 2860 temporis
1380 2815 1564 2858 praeteriti
1591 2815 1633 2848 ab
1661 2818 1803 2848 auctore

35 2880 211 2924 explorati
237 2880 360 2924 („weit
384 2879 422 2914 in
439 2879 496 2913 die
515 2877 813 2922 Vergaugenheit
831 2875 1144 2919 zuriickgehend“)
1171 2873 1354 2908 referenda
1372 2876 1465 2914 sunt,
1491 2872 1551 2906 sed
1570 2871 1605 2906 in
1632 2881 1801 2911 magnum

35 2947 222 2971 numerum
249 2947 369 2971 earum
397 2946 524 2979 rerum,
549 2945 638 2978 quas
662 2938 786 2968 auctor
811 2933 855 2967 ad
880 2935 1048 2974 τεκμήρια
1066 2930 1282 2965 invenienda
1301 2933 1336 2964 et
1360 2929 1534 2963 firmanda
1560 2931 1803 2971 perscrutatus

37 2997 103 3037 est,
129 2993 164 3027 id
190 2993 283 3036 quod
308 2993 416 3028 etiam
435 2992 604 3027 Classeno
629 2991 665 3025 in
692 2990 809 3025 animo
835 2989 945 3023 fuisse
965 2988 1105 3023 videtur
1130 2998 1207 3022 cum
1235 2987 1362 3020 vertit:
1391 2986 1467 3029 „bei
1493 2986 1590 3019 einer
1615 2984 1807 3028 moglichst·

38 3050 124 3085 weit
149 3050 420 3094 ausgedehnten
446 3049 686 3093 Forschung“.
