2061 3337
850 151 1132 191 —47-

212 264 407 318 Singulis
437 264 542 307 locis
572 264 780 306 tractatis
813 264 868 305 ad
910 263 1159 314 generalem
1201 261 1552 314 compositionem
1594 260 1881 306 revertimur..

99 333 302 376 Diximus
334 332 629 386 Thucydidem
671 331 891 384 capitibus
927 329 1082 372 XVIII
1124 333 1168 372 et
1200 330 1312 371 XIX
1344 329 1606 381 describere,
1647 340 1757 381 quae
1799 340 1871 380 po-

100 404 288 444 testates
321 404 470 443 aetate
502 400 601 442 inde
633 412 659 442 a
691 404 975 454 tyrannorum
1018 398 1247 440 exactione
1280 409 1416 449 usque
1459 398 1513 439 ad
1556 397 1716 438 bellum
1749 397 1873 438 Pelo-

98 469 405 522 ponnesiacum
437 467 694 511 exstiterint
728 471 773 509 et
812 472 1004 518 quantae
1047 467 1284 518 qualesque
1323 465 1502 507 fuerint.
1572 464 1870 506 Conclusimus

97 549 122 579 e
151 537 299 580 verbis
330 536 489 589 capitis
519 535 552 588 I,
595 534 901 587 archaeologia
943 534 1235 576 demonstrari
1277 537 1522 585 potestates
1568 536 1612 575 et
1654 544 1723 574 res
1767 536 1870 574 ante

96 606 256 648 bellum
288 603 702 657 Peloponnesiacum
736 606 887 656 gestas
920 615 1003 644 non
1035 614 1217 654 magnas
1248 601 1406 653 fuisse3
1448 608 1491 643 et
1537 601 1782 643 invenimus
1824 600 1869 642 in

96 673 238 715 tribus
265 672 627 714 antecedentibus
650 670 979 723 archaeologiae
1003 669 1205 723 partibus
1229 670 1385 722 exponi
1407 669 1590 721 primum
1614 672 1869 721 potestates,

97 740 329 792 quaeillis
361 739 586 782 aetatibus
618 739 885 791 exstiterint,
917 738 1074 780 deinde
1096 739 1224 790 bella,
1257 740 1426 790 quanta
1457 737 1623 779 fuerint
1645 741 1689 779 et
1711 736 1868 789 quibus

97 808 367 861 argumentis
399 811 688 861 cognoscatur
718 819 770 849 ea
809 808 994 849 nondum
1038 819 1197 859 magna
1236 805 1385 848 fuisse.
1455 805 1506 847 In
1547 807 1630 846 hac
1671 809 1868 847 extrema

94 882 222 930 parte
241 877 490 918 invenimus
507 879 775 928 potestatum
799 874 1146 928 descriptionem,
1170 873 1468 916 desideramus
1491 877 1637 915 autem
1658 872 1869 915 iudicium

96 946 307 987 bellorum
338 950 572 997 gestorum.
629 943 788 996 Itaque
820 944 1016 985 hocloco
1049 942 1395 994 archaeologiam
1429 955 1454 984 a
1485 941 1742 994 Thucydide
1771 953 1869 993 per·

94 1012 254 1055 sectam
286 1025 369 1054 non
402 1025 497 1055 esse
529 1012 839 1054 concludimus.

209 1080 511 1134 Offensionem,
543 1093 654 1132 quae
687 1093 712 1121 a
746 1079 854 1122 viris
887 1079 1026 1122 doctis
1058 1079 1103 1120 in
1136 1078 1357 1131 capitibus
1398 1078 1552 1119 XVIII
1585 1082 1628 1119 et
1660 1077 1771 1118 XIX
1800 1078 1869 1120 in-

93 1153 229 1191 venta
260 1154 338 1203 est,
371 1149 525 1191 tollere
557 1152 599 1190 et
627 1161 740 1200 quae
766 1148 868 1190 inde
901 1148 1205 1190 concluserant
1236 1147 1433 1189 refutare
1467 1158 1708 1199 possumus.
1745 1145 1869 1187 Vitu-

93 1222 252 1270 perant
284 1217 397 1259 enim
419 1216 630 1270 imprimis
662 1216 830 1258 Herbst
852 1220 896 1257 et
926 1215 1074 1268 Steup,
1104 1216 1265 1257 bellum
1298 1216 1530 1257 Persarum
1563 1219 1607 1256 et
1627 1214 1698 1255 hic
1730 1219 1774 1256 et
1797 1226 1866 1255 ca-

93 1286 186 1338 pite
207 1286 367 1328 XXIII
390 1285 587 1328 tractari.
635 1285 800 1326 Herbst
824 1284 1203 1338 (ssZuThukydides
1215 1284 1247 1336 Ι,
1263 1285 1285 1325 7
1310 1287 1354 1325 et
1367 1284 1399 1337 I,
1415 1284 1705 1335 13sqq.)haec
1718 1282 1866 1334 capita

96 1355 400 1396 adnotationes
431 1355 642 1406 quasdam
675 1354 729 1395 ad
762 1352 1111 1405 archaeologiam
1144 1354 1441 1404 complendam
1469 1351 1692 1394 continere
1724 1354 1865 1404 putat,

94 1422 441 1474 archaeologiam
470 1422 608 1475 ipsam
638 1425 784 1464 antem
806 1433 943 1473 usque
967 1422 1022 1462 ad
1043 1424 1327 1474 tyrannorum
1351 1421 1515 1462 aetatis
1546 1420 1672 1461 finem
1692 1423 1863 1461 tantum

91 1491 315 1543 pertinere
332 1495 376 1533 et
393 1491 613 1543 capitibus
628 1490 914 1532 XX—XXII
935 1490 1084 1542 capita
1099 1489 1337 1531 II—XVII
1355 1494 1525 1531 tantum
1549 1487 1865 1542 comprehendi,

93 1559 146 1601 de
176 1559 280 1601 belli
302 1560 532 1602 Persarum
558 1563 706 1601 aetate
738 1571 841 1601 vero
873 1558 1021 1610 capite
1043 1558 1202 1599 XXIII
1225 1558 1309 1611 agi,
1341 1562 1391 1600 ut
1408 1559 1589 1600 duarum
1609 1557 1795 1609 partium
1821 1556 1864 1597 in

92 1627 237 1680 eapite
255 1628 275 1669 I
293 1628 439 1670 verbis
455 1627 507 1667 τὰ
529 1625 616 1682 πρὸ
639 1626 775 1667 αὐτῶν
792 1627 885 1679 (pro
904 1627 1062 1678 quibus
1080 1627 1258 1678 scripsit
1274 1626 1325 1666 τὰ
1345 1624 1528 1679 Τρωικὰ)
1545 1626 1614 1665 καὶ
1632 1624 1686 1665 τὰ
1703 1624 1766 1665 ἔτι
1783 1639 1863 1664 πα-

90 1694 262 1749 λαίτεροι
293 1696 638 1748 significatarum
662 1695 963 1737 contineretur
994 1695 1111 1747 prior
1143 1695 1365 1747 capitibus
1388 1695 1639 1747 II—XXII,
1672 1694 1864 1736 secunda

91 1764 237 1816 capite
268 1764 439 1806 XXIII.
498 1763 613 1806 Huic
636 1763 883 1805 sententiae
906 1763 1078 1804 omnino
1102 1763 1352 1805 adsentitur
1373 1762 1521 1815 Steup,
1552 1767 1862 1815 praeterquam

91 1833 202 1884 quod
236 1833 385 1884 capita
416 1832 571 1874 XVIII
604 1836 648 1874 et
676 1832 788 1873 XIX
820 1844 902 1874 non
946 1844 1042 1874 esse
1075 1831 1394 1878 adnotationes,
1437 1832 1513 1873 sed
1557 1844 1650 1873 cum
1692 1830 1862 1872 omnino

91 1912 174 1942 non
216 1901 271 1941 ad
310 1899 657 1952 archaeologiam
700 1898 965 1951 pertineant,
1007 1911 1083 1951 pro
1121 1903 1274 1951 postea
1317 1899 1482 1940 additis
1526 1899 1726 1940 habenda
1767 1909 1862 1939 esse

90 1967 328 2010 existimat.
388 1967 514 2010 Omni
548 1968 647 2009 huic
679 1967 1039 2019 interpretationi
1073 1968 1158 2009 iam
1191 1979 1241 2008 ea
1274 1979 1343 2008 res
1376 1967 1598 2009 contraria
1630 1971 1709 2019 est,
1750 1966 1867 2017 quod·

90 2047 155 2089 ea,
185 2048 296 2088 quae
328 2036 473 2088 capite
504 2036 526 2077 I
558 2039 710 2078 auctor
742 2037 794 2077 de
826 2036 881 2077 iis
917 2035 1199 2088 temporibus,
1241 2047 1352 2086 quae
1395 2033 1448 2074 τὰ
1489 2034 1575 2088 πρὸ
1618 2033 1753 2074 αὐτῶν
1792 2033 1862 2073 καὶ

88 2103 140 2144 τὰ
169 2101 233 2143 ἔτι
264 2103 501 2157 παλαίτεροι
533 2105 823 2156 appellantur,
857 2103 1108 2156 affirmavit,
1141 2103 1360 2155 capitibus
1393 2103 1676 2144 XX—XXII
1719 2102 1861 2154 repeti

88 2183 221 2224 supra
252 2172 453 2224 diximus,
483 2172 634 2224 itaque
667 2172 1014 2224 archaeologiam
1043 2184 1125 2214 non
1159 2173 1294 2214 solum
1325 2171 1376 2211 τὰ
1408 2169 1469 2211 ἔτι
1501 2170 1752 2222 παλαίτεριι,
1785 2171 1861 2212 sed

88 2240 221 2282 etiam
252 2239 303 2280 τὰ
335 2239 422 2295 πρὸ
454 2239 594 2280 αὐτῶν
625 2241 849 2282 continere
881 2252 1059 2282 necesse
1093 2246 1170 2291 est,
1213 2252 1322 2292 quas
1357 2245 1505 2291 partes
1538 2239 1701 2281 thler
1742 2244 1860 2280 recte

87 2307 301 2350 definivit.
351 2307 620 2351 Offensiones
644 2312 790 2350 autem
813 2308 1039 2361 specialeS,
1070 2320 1179 2359 quas
1204 2307 1338 2360 Steup
1363 2313 1514 2349 contra
1538 2308 1685 2359 capita
1707 2307 1862 2349 XVIII

87 2379 133 2418 et
153 2376 265 2418 XIX
293 2376 488 2429 protulit,
519 2376 693 2418 minime
721 2380 825 2418 sunt
846 2377 1110 2429 probabiles.
1172 2376 1291 2417 Dicit
1324 2376 1436 2417 enim
1461 2375 1756 2429 Thucydidem
1779 2388 1860 2423 res,

87 2456 196 2496 quas
228 2446 532 2497 archaeologia
563 2445 842 2498 tractaverit,
875 2445 918 2486 in
943 2444 1090 2496 capite
1123 2444 1246 2488 XXI.
1273 2447 1290 2485 1
1326 2442 1602 2496 ἀνεξέλεγκτα
1625 2445 1859 2496 appellare,

87 2524 199 2564 quae
231 2513 471 2566 appellatio
503 2515 633 2555 rebus
664 2513 765 2555 inde
799 2526 824 2555 a
858 2514 968 2555 bello
1000 2512 1176 2554 Persico
1208 2512 1347 2564 gestis
1393 2518 1435 2553 et
1475 2511 1858 2564 pentecontaetiae

86 2592 215 2633 quam
246 2580 429 2623 dicimus
462 2594 488 2623 a
519 2581 774 2634 Thucydide
805 2581 899 2633 ipso
932 2581 1179 2632 descriptae
1212 2581 1388 2622 minime
1411 2585 1516 2633 apta
1548 2584 1676 2621 esset.
1737 2578 1858 2631 Quae

87 2648 264 2691 offensio
296 2653 419 2691 recta
441 2655 569 2701 esset,
601 2649 683 2690 nisi
713 2649 991 2702 Thucydides
1024 2661 1072 2690 eo
1104 2649 1194 2690 loco
1217 2648 1505 2700 logographos
1538 2652 1707 2689 tantuin
1742 2647 1858 2688 vitu-

87 2722 274 2768 peraret,
305 2717 378 2768 qui
409 2729 479 2758 res
511 2729 622 2769 quae
655 2721 774 2759 certo
807 2716 1095 2758 demonstrari
1128 2728 1210 2757 non
1235 2716 1401 2767 possint
1433 2715 1738 2768 (ἀνεξέλεγκτα)
1770 2720 1857 2756 tra-

87 2785 253 2826 derent.
314 2785 469 2827 Altera
500 2785 670 2837 Steupii
699 2785 876 2827 offensio
908 2798 994 2837 qua
1026 2784 1333 2837 Thucydidem,
1378 2784 1413 2826 si
1447 2784 1594 2836 capita
1628 2783 1782 2824 XVIII
1813 2788 1855 2825 et

87 2851 199 2894 XIX
240 2854 296 2894 ad
337 2853 686 2905 archaeologiam
729 2853 1014 2905 pertinerent,
1056 2866 1126 2893 res
1168 2852 1211 2893 in
1256 2852 1392 2903 ipsius
1434 2852 1665 2894 iuventute
1706 2858 1856 2904 gestas

87 2918 254 2960 παλαιά
283 2921 506 2964 nominare
538 2927 692 2973 monet,
724 2921 830 2963 mihi
863 2921 991 2963 nimis
1034 2921 1210 2963 subtilis
1252 2933 1346 2962 esse
1386 2921 1571 2962 videtur.
1645 2919 1728 2961 Sed
1771 2932 1858 2962 una

87 2999 157 3030 res
198 2989 466 3031 demonstrat
508 2990 654 3042 capita
697 2989 850 3031 XVIII
893 2996 934 3031 et
971 2989 1081 3030 XIX
1123 2989 1283 3040 optime
1326 2990 1556 3030 cohaerere
1599 3001 1691 3029 611111
1736 2993 1855 3030 ante-

88 3055 344 3098 cedentibus
395 3062 440 3099 et
481 3059 535 3100 ad
577 3057 920 3110 archaeologiam
964 3057 1208 3109 pertinere:
1264 3057 1541 3109 Thucydides
1588 3070 1679 3098 611111
1725 3063 1857 3096 antea
