2061 3337
848 135 1126 176 a35-

107 247 327 290 continet:
375 249 573 289 Athenas
605 259 658 289 ex
690 247 982 289 aedificiorum
1015 247 1152 288 ruinis
1185 246 1371 298 posteris
1403 258 1570 297 quoque
1602 245 1868 297 potentiores

108 315 251 358 visum
281 315 339 357 iri
371 327 498 367 quam
532 315 723 357 auctoris
756 320 903 357 aetate
930 315 1116 356 fuissent
1149 339 1199 343 —
1237 314 1307 355 ubi
1341 315 1515 354 verbum
1551 313 1714 354 finitum
1749 308 1868 363 οἶμαι

109 383 240 426 facile
263 396 288 425 a
310 383 471 424 lectore
495 384 733 435 suppletur,
756 395 895 434 neque
919 382 1168 424 adscribere
1190 382 1368 434 Steupio
1392 394 1497 433 opus
1521 387 1616 422 erat
1639 405 1703 422 -.
1747 380 1869 421 Prior

111 464 214 504 pars
232 450 454 493 difficilior
470 451 534 492 sic
551 454 776 492 exstructa
794 455 880 492 est:
909 450 1090 501 primum
1114 450 1316 501 Spartam
1335 461 1357 490 e
1376 449 1512 490 ruinis
1532 461 1610 489 non
1642 449 1704 489 ita
1723 455 1868 499 poten·

110 523 198 562 tem
224 520 366 562 visum
388 519 455 570 iri,
488 519 642 560 deinde
667 523 810 560 tamen
835 519 1272 560 Lacedaemoniorum
1298 523 1556 569 potestatem
1586 524 1752 557 tantam
1777 528 1870 557 esse

111 587 372 640 affirmatur,
403 594 451 629 ut
484 589 593 628 duas
625 586 815 639 quinque
842 586 1126 638 Peloponnesi
1159 585 1348 637 partium
1381 584 1634 626 habitarent
1662 590 1706 625 et
1735 584 1869 625 totius

113 655 400 708 Peloponnesi
432 657 563 696 duces
595 661 640 696 et
670 654 889 707 principes
923 660 1080 704 essent,
1123 667 1248 705 quam
1282 652 1612 694 affirmationem
1657 665 1736 692 non
1778 663 1871 692 esse

111 723 394 776 parenthesin
436 723 610 775 Kriiger
651 728 696 764 et
737 722 870 774 Steup
913 729 1061 763 contra
1103 721 1347 763 Bekkerum
1389 720 1638 761 s'lnssenum
1681 719 1870 760 Hndium

113 795 236 834 recte
264 793 490 843 adnotant,
531 803 658 843 quam
702 790 842 842 prisco
884 802 1077 831 sermone
1120 789 1413 830 coordinatam
1458 801 1531 828 nos
1573 786 1872 829 coniunctione

111 859 368 902 concessiva
398 859 770 911 subiungeremus‘.
829 858 937 900 Tum
970 864 1212 908 sequuntur
1242 857 1375 897 verba
1399 854 1513 906 ὅμως
1546 854 1586 895 dt
1612 854 1705 894 ηὸτι
1739 855 1872 904 ξι-νυι-

114 929 340 983 κισθείσης
380 927 550 974 πόλεωξ.1
581 926 673 966 οὔτε
715 924 847 979 ἱεροῖς
876 925 946 966 καὶ
988 931 1264 972 κατασκευαῖς
1306 923 1552 964 πολυτελέσι
1595 924 1872 976 χρησαμένῃ-ς,

117 995 224 1036 κατὰ
254 998 401 1048 κώμας
433 994 477 1036 δὲ
508 1002 567 1048 τῷ
609 993 781 1046 παλαιῷ
822 1000 897 1048 τῆς
937 992 1136 1041 Ἑλλάδος
1176 992 1326 1045 τρόπῳ
1368 990 1644 1044 οἰκισθείσης.
1686 989 1874 1043 φαίνοιτ’

112 1064 166 1105 ἂν
187 1060 490 1117 ὑποδεεστέρα,
514 1075 624 1116 quae
646 1066 750 1104 sunt
771 1061 976 1114 repetitio
993 1061 1157 1113 primae
1176 1062 1227 1102 de
1242 1059 1595 1101 Lacedaemoniis
1618 1058 1875 1109 sententiae,

115 1133 186 1175 cui
218 1132 474 1185 repetitioni
514 1131 666 1173 addita
703 1135 771 1172 est
812 1142 955 1181 causa,
998 1130 1109 1180 quod
1150 1133 1326 1181 propter
1367 1126 1622 1168 aedificandi
1666 1126 1873 1167 rationem

119 1199 279 1253 Sparta
310 1200 470 1253 exigua
501 1199 745 1251 debilisque
776 1198 917 1241 videri
948 1201 1107 1250 posset.
1176 1196 1255 1238 Sed
1290 1196 1358 1236 his
1392 1194 1534 1236 verbis
1577 1194 1722 1234 insunt
1765 1192 1876 1234 diffi-

117 1271 320 1312 cultates.
389 1269 580 1310 Primum
623 1267 800 1309 dubium
843 1271 931 1317 est,
972 1271 1115 1306 utrum
1159 1263 1285 1312 πόλις
1326 1276 1379 1304 an
1422 1262 1597 1313 δύναμις
1636 1261 1876 1302 subiectum

117 1339 406 1391 supplendum
440 1337 500 1379 sit
530 1336 785 1390 praedicato
821 1334 1008 1390 φαίνοιτ’
1050 1332 1100 1373 ἂν
1133 1330 1433 1384 ὑποδεεστέρα.
1504 1330 1585 1372 Sed
1619 1341 1875 1381 quamquam

119 1405 299 1448 Classen
321 1405 565 1448 subiectum
588 1404 834 1446 sententiae
857 1402 1113 1454 principalis
1136 1407 1180 1443 et
1201 1400 1394 1453 genetivi
1420 1398 1606 1440 absoluti
1638 1399 1750 1439 idem
1783 1408 1877 1437 θεεθ

118 1486 244 1528 posse
275 1473 597 1516 demonstravit
629 1476 674 1513 et
706 1470 833 1519 πόλις
864 1475 1094 1522 propterea
1122 1470 1406 1520 supplendum
1440 1480 1533 1508 esse
1556 1466 1736 1506 censuit.
1768 1464 1877 1515 quod

119 1543 300 1585 verbum
333 1542 573 1597 φαίνεσθαι
599 1540 724 1593 (‚,ans
747 1539 1088 1589 Lichtt1·eten“)
1122 1536 1343 1588 potentiae
1375 1547 1456 1576 non
1490 1534 1597 1575 satis
1631 1540 1775 1584 aptum
1809 1532 1879 1583 sit,

122 1614 269 1652 tamen
301 1611 482 1652 verbum
516 1608 752 1664 φαίνεσθαι
784 1607 918 1648 etiam
952 1607 1004 1647 de
1038 1604 1233 1656 potentia
1266 1603 1462 1644 adhiberi
1496 1612 1616 1653 posse
1649 1599 1804 1651 capitis
1839 1598 1879 1639 [I

120 1678 298 1720 initium
331 1680 457 1720 docet
487 1688 628 1729 neque
660 1675 754 1717 fieri
795 1678 952 1727 potest,
992 1678 1041 1715 ut
1072 1671 1273 1724 Spartam
1308 1671 1507 1721 exiguam
1551 1669 1689 1709 videri
1732 1673 1881 1708 auctor

120 1747 166 1789 in
198 1747 341 1789 animo
372 1746 548 1798 habeat,
579 1757 672 1786 cum
706 1756 760 1785 ex
791 1743 887 1795 ipsa
919 1741 1163 1794 exiguitate
1192 1739 1375 1791 Spartae
1407 1737 1643 1790 potentiam
1678 1736 1879 1776 minorem

122 1827 218 1857 esse
239 1813 439 1856 concludi
460 1825 587 1865 posse
610 1812 740 1854 dicat.
791 1811 947 1862 Itaque
976 1822 1069 1850 cum
1092 1807 1298 1850 Herbstio
1321 1806 1486 1848 Stahlio
1509 1803 1686 1856 Steupio
1709 1802 1883 1853 δύναμις

122 1882 410 1934 supplendum
442 1884 509 1923 est
551 1880 699 1933 (etiam
732 1879 905 1931 Kriiger
936 1890 1030 1919 cum
1072 1873 1360 1927 ὑποδεέστερα
1399 1873 1552 1915 scribit
1593 1873 1644 1912 de
1686 1871 1882 1922 potentia

123 1950 329 2004 cogitat),
365 1949 625 2002 praesertim
668 1960 763 1989 cum
795 1950 886 1988 tres
926 1945 1174 1987 sententiae
1216 1942 1379 1996 πολλὴν
1423 1941 1474 1980 ἂν
1515 1936 1629 1990 οἶμαι
1679 1937 1883 1977 ἀπιστίαν

123 2025 199 2074 τῆς
230 2017 448 2070 δυνάμεως
478 2015 592 2071 πρὸς
621 2014 669 2056 τὸ
699 2014 819 2063 κλέος
849 2012 990 2054 αὐτῶν
1021 2008 1130 2052 εἶναι
1162 2017 1204 2053 et
1236 2023 1309 2054 (sc.
1343 2009 1360 2062 ί,
1393 2008 1583 2059 δύναμις)
1615 2005 1802 2061 φαίνοιτ’
1833 2005 1884 2043 ἢν

125 2083 413 2140 ὑποδεεστέρα
445 2092 490 2128 et
522 2083 756 2126 διπλασίαν
795 2083 846 2123 ἂν
877 2081 952 2136 τὴν
995 2081 1173 2132 δύναμιν
1204 2078 1447 2129 εἰκάζεσθαι
1493 2086 1565 2126 (sc.
1595 2072 1729 2126 οἶμαι)
1772 2074 1885 2114 inter

122 2168 170 2199 se
201 2156 510 2207 respondeant.
571 2153 739 2194 Deinde
762 2153 812 2193 de
835 2149 1033 2203 genetivi
1058 2148 1248 2190 absoluti
1270 2145 1589 2188 constructione
1623 2148 1685 2184 est
1720 2149 1883 2181 contro-

125 2223 286 2266 versia.
346 2222 551 2273 Plerique
574 2221 660 2263 viri
684 2219 798 2261 docti
821 2218 987 2266 πόλεως
1011 2217 1253 2258 subiectum
1278 2226 1371 2256 esse
1395 2213 1555 2253 volunt.
1581 2222 1690 2262 quae
1714 2209 1883 2260 quidem

126 2291 450 2344 simplicissima
482 2295 549 2332 est
579 2287 900 2340 interpretatio.
963 2285 1148 2326 Verbum
1193 2282 1360 2329 πόλεως
1393 2294 1465 2332 pro
1496 2286 1568 2333 ‘¹¹1³'
1599 2277 1764 2324 πόλεως
1794 2276 1885 2316 sine

126 2359 314 2402 articulo
355 2358 488 2401 scribi
528 2369 654 2410 posse
697 2356 833 2406 Steup
876 2367 928 2396 ex
971 2354 1151 2395 aliorum
1200 2353 1383 2391 locorum
1426 2346 1709 2388 similitudine
1753 2345 1792 2385 il.
1830 2343 1885 2383 lv

126 2439 161 2470 c.
190 2426 358 2480 XVIII,
389 2427 414 2469 3
447 2430 491 2468 et
523 2427 548 2468 l.
580 2425 688 2466 VIII
720 2437 753 2465 c.
785 2422 913 2466 XCV.
941 2424 964 2462 2
999 2421 1082 2462 iam
1117 2433 1139 2460 a
1179 2420 1371 2465 Kriigero
1404 2415 1603 2459 allatum)
1643 2419 1757 2453 recti·
1791 2425 1885 2452 con-

129 2495 277 2548 cludit,
317 2500 366 2537 ut
406 2494 639 2537 articulum
685 2504 779 2534 cum
820 2490 1039 2541 Stephano
1077 2486 1245 2528 Stahlio
1287 2484 1428 2525 Hudio
1469 2482 1669 2533 supplere
1713 2492 1884 2520 nei-csse

128 2576 212 2606 non
242 2564 313 2605 sit.
378 2563 522 2615 Atque
553 2561 684 2604 etiam
719 2558 917 2601 Herbstii
941 2561 982 2598 et
1009 2554 1202 2597 Classeni
1235 2552 1509 2595 sententiam,
1541 2548 1614 2599 qui
1647 2548 1885 2588 subiectum

128 2632 334 2684 supplere
365 2631 598 2673 voluerunt
630 2632 674 2670 et
698 2631 946 2668 verterunt:
982 2625 1062 2674 „da
1086 2626 1243 2674 Sparta
1276 2620 1344 2660 nie
1368 2631 1443 2660 zur
1465 2618 1589 2657 Stadt
1625 2627 1887 2656 zusaumwn-

129 2711 321 2753 gezogen
351 2699 542 2750 wurde“,
578 2701 623 2739 et
654 2695 837 2738 Seidleri
876 2699 918 2735 et
951 2690 1175 2732 Driesseni
1207 2687 1481 2729 sententiam.
1513 2683 1583 2736 qni
1619 2685 1728 2723 hum·
1762 2693 1889 2730 gone-

100 2768 270 2810 ‘tivum
311 2780 337 2809 a
377 2766 616 2818 supplendo
659 2764 790 2805 verbo
833 2760 1009 2811 δύναμις
1059 2758 1244 2810 pendere
1284 2755 1521 2807 putabant.
1563 2757 1737 2803 proptor
1778 2749 1889 2790 dit'ti-

132 2837 343 2878 cultatem
376 2839 421 2877 et
454 2833 692 2876 duritatem
725 2830 860 2881 Steup
892 2832 1010 2869 recte
1043 2826 1181 2867 reicit.

246 2902 404 2945 Verbis
435 2899 704 2954 paragraphi
735 2898 761 2941 3
791 2897 1049 2949 λειπομένην
1081 2892 1122 2933 δὲ
1159 2899 1241 2932 τῶν
1275 2897 1343 2929 νῦν
1365 2887 1659 2939 Thucydidem
1694 2886 1746 2926 ad
1779 2896 1890 2925 suin-

132 2983 243 3013 mam
277 2970 555 3021 sententiam,
587 2967 691 3010 belli
713 2965 856 3008 Troici
888 2970 933 3006 et
960 2961 1244 3015 posteriorum
1279 2959 1484 3000 bellorum
1517 2952 1890 3005 comparationem,

132 3038 327 3081 transire
349 3038 549 3080 diximus.
609 3035 798 3078 Primum
831 3044 966 3084 usque
999 3031 1053 3072 ad
1087 3027 1406 3081 paragraphum
1430 3026 1455 3066 ἴ)
1486 3027 1741 3071 argumenta
1765 3019 1890 3060 huius
