2061 3337
951 140 1205 180 -6-

190 268 316 307 quam
364 255 503 307 ipsam
551 252 886 304 descriptionem
943 263 1088 292 rerum
1145 250 1338 302 priorum
1388 247 1695 300 archaeologia
1746 246 1962 289 contineri

190 325 503 365 demonstrant.
561 321 613 362 Id
646 321 759 372 quod
798 331 976 371 prorsus
1018 320 1204 370 apparet
1236 329 1258 359 e
1291 316 1439 359 verbis
1472 315 1632 368 capitis
1663 315 1776 357 XXI
1808 315 1964 367 primis

192 388 238 431 ἐκ
270 389 314 430 δὲ
346 397 428 430 τῶν
459 387 691 444 εἰρημένων
721 388 962 442 τεκμηρίων
992 384 1109 438 ὅμως
1137 391 1312 426 τοιαῦτα
1343 382 1394 424 ἄν
1415 398 1479 433 τις
1510 382 1692 435 νομίζων
1721 382 1903 435 μάλιστα
1933 383 1966 422 ἃ

191 458 365 512 διῆλθον
405 456 482 507 οὐχ
521 455 781 510 ἁμαρτάνοι,
833 467 945 507 quae
987 456 1042 496 ad
1082 454 1161 496 illa
1202 453 1362 506 capitis
1402 453 1424 494 Ι
1469 453 1607 494 verba
1653 451 1798 503 aliquo
1838 452 1963 493 modo

188 526 420 568 referenda
452 538 546 568 esse
578 525 662 567 iam
698 524 940 565 similitudo
972 525 1107 565 docet.
1168 523 1290 564 Haec
1319 522 1457 565 verba
1495 521 1558 562 sic
1589 519 1727 562 vertit
1759 519 1962 561 Classen:

194 607 345 648 „wenn
378 607 423 637 es
455 595 624 636 schwer
654 593 724 644 ist,
757 592 849 634 sich
880 593 992 634 nach
1024 591 1361 643 ungesichteten
1383 589 1655 642 Zeugnissen
1686 586 1835 641 (παντὶ
1866 583 1970 642 ἑξῆς

192 664 325 716 τεκμ.)
358 663 453 704 61116
485 662 598 703 feste
622 662 808 703 Ansicht
839 674 892 703 zu
923 660 1083 713 bilden,
1115 672 1159 702 so
1180 659 1292 701 Wird
1324 659 1443 710 doch,
1472 670 1561 700 wer
1583 657 1651 699 die
1674 657 1961 709 dargelegten

188 730 494 773 Verhaltnisse
518 731 557 782 (ἃ
580 729 779 785 διῆλθον)
802 731 914 772 nach
938 730 1020 770 den
1045 741 1127 770 von
1150 740 1183 770 c.
1197 727 1338 769 2—19
1359 726 1751 778 nachgewiesenen
1768 723 1964 766 Beweis-

189 801 384 852 griinden
418 796 481 847 (ἐκ
511 805 593 838 τῶν
624 798 700 851 εἰρ.
732 808 864 852 τεκμ.)
905 798 962 840 1111
995 797 1307 839 wesentlichen
1351 807 1396 838 so
1435 794 1535 847 (wie
1576 793 1639 836 sie
1680 793 1836 835 soeben
1868 794 1966 833 ent·

189 868 367 910 wickelt
404 868 516 921 sind)
552 867 734 920 auffasst,
775 867 898 909 nicht
941 867 1032 908 irre
1073 865 1225 919 gehn.“
1297 864 1385 906 Ubi
1417 863 1507 904 sint
1534 862 1702 914 scripta
1735 861 1830 914 „die
1864 861 1966 901 dar·

185 938 389 989 gelegten
421 936 781 990 Verhaltnisse“,
829 948 912 978 non
961 939 1112 987 aperte
1155 934 1264 975 dicit
1304 932 1507 983 Classen,
1552 932 1628 973 sed
1675 932 1862 982 apparet
1905 940 1958 970 ea

185 1004 354 1056 scripta
399 1016 492 1046 esse
539 1004 585 1045 in
631 1005 852 1057 capitibus
897 1003 1128 1045 II-XIX,
1217 1001 1423 1044 Continet
1467 999 1607 1052 igitur
1653 995 1959 1049 archaeologia

188 1072 523 1125 descriptionem
565 1085 707 1115 rerum
750 1072 940 1125 priorum
974 1070 1194 1114 adiunctis
1236 1082 1312 1111 suo
1354 1071 1444 1111 loco
1477 1066 1760 1120 argumentis,
1801 1064 1964 1117 quibus

185 1153 231 1183 se
272 1141 485 1183 confidere
526 1154 653 1193 posse
686 1141 965 1194 Thucydides
1005 1143 1130 1182 ratus
1172 1144 1250 1181 est.
1331 1138 1391 1179 Et
1428 1137 1509 1178 hac
1551 1134 1842 1188 descriptione
1884 1145 1957 1174 ex-

187 1209 410 1262 plicantur
427 1210 505 1252 illa
528 1210 687 1263 capitis
704 1209 726 1251 I
748 1210 885 1251 verba
907 1212 1115 1251 extrema.
1146 1208 1306 1260 Itaque
1327 1205 1526 1249 Classeni
1547 1202 1962 1255 interpretationem

185 1290 268 1320 non
301 1278 413 1320 satis
444 1282 609 1321 rectam
642 1291 737 1321 esse
770 1278 1089 1330 intellegimus3
1118 1289 1212 1319 eam
1245 1280 1389 1318 autem
1412 1273 1691 1325 sententiam,
1722 1283 1848 1323 quam
1882 1281 1960 1311 nos

183 1348 305 1388 modo
339 1347 705 1399 adumbravimus,
749 1346 881 1389 etiam
924 1346 1000 1388 alii
1032 1345 1118 1387 viri
1161 1345 1276 1387 docti
1307 1345 1572 1385 habuerunt.
1630 1341 1683 1383 U.
1713 1339 1878 1381 Kohler
1911 1338 1959 1379 in

184 1415 497 1458 dissertatione
557 1404 702 1468 „Uber
758 1416 827 1457 die
874 1414 1162 1467 Archaologie
1220 1415 1295 1455 des
1341 1410 1678 1464 Thukydides“,
1734 1420 1862 1461 quam
1909 1407 1957 1448 in

183 1484 620 1526 commentationibus
632 1484 864 1537 philologis
876 1484 923 1526 in
936 1485 1137 1525 honorem
1156 1483 1234 1524 Th.
1245 1480 1502 1523 Mommseni
1519 1478 1699 1531 scriptis
1716 1490 1755 1529 p.
1769 1477 1852 1518 370
1865 1488 1960 1527 sqq.

184 1552 340 1604 emisit,
383 1553 445 1594 sic
476 1553 663 1595 iudicat:
711 1554 880 1606 „Unter
920 1554 1017 1594 dem
1048 1552 1303 1593 Eindrucke
1335 1551 1413 1591 der
1442 1547 1700 1600 Ereignisse
1732 1547 1808 1588 des
1839 1545 1956 1605 pelo·

184 1621 501 1673 ponnesischen
524 1622 709 1674 Krieges
740 1623 818 1664 hat
849 1634 894 1663 es
927 1623 1003 1663 der
1024 1620 1258 1662 Verfasser
1289 1622 1617 1660 unternommen
1650 1615 1728 1657 auf
1755 1613 1958 1666 wenigen

182 1688 333 1732 Seiten
365 1691 436 1732 die
468 1691 700 1743 politische
731 1693 819 1733 und
851 1689 1319 1740 Kulturentwicklung
1352 1689 1427 1728 des
1458 1685 1758 1727 hellenischen
1792 1682 1958 1723 Volkes

182 1770 265 1800 von
289 1758 439 1800 seinen
465 1758 700 1812 Anfangen
724 1773 779 1801 an
802 1772 854 1801 zu
877 1758 1133 1810 skizzieren,
1156 1770 1226 1799 um
1249 1771 1302 1799 zu
1334 1756 1499 1808 zeigen,
1531 1753 1615 1795 dass
1636 1753 1726 1794 und
1758 1750 1956 1792 weshalb

181 1827 311 1868 keine
358 1828 435 1869 der
481 1827 686 1870 friiheren
728 1826 1087 1880 Begebenheiten
1134 1827 1226 1869 sich
1273 1825 1352 1867 mit
1399 1825 1493 1865 dem
1534 1822 1747 1876 jiingsten
1789 1819 1953 1871 Kriege

182 1907 352 1937 messen
375 1897 555 1938 konne.“
621 1898 689 1938 Ad
712 1897 908 1948 singulas
930 1896 1162 1938 nonnullas
1183 1893 1365 1936 Kohleri
1387 1889 1779 1944 interpretationes
1802 1891 1958 1940 postea

180 1968 464 2006 revertemur.
526 1966 657 2006 Porro
689 1965 741 2007 H.
773 1964 891 2006 Stier
923 1964 967 2006 in
998 1963 1209 2006 fasciculo
1240 1961 1395 2003 XVIII
1426 1974 1465 2014 p.
1498 1961 1551 2002 29
1571 1972 1662 2011 sqq.
1693 1958 1957 2009 libellorum,

181 2032 255 2083 qui
291 2032 597 2085 „Lehrproben
629 2034 717 2075 und
749 2033 1014 2085 Lehrgange
1045 2044 1124 2074 aus
1157 2033 1234 2073 der
1267 2030 1423 2072 Praxis
1455 2030 1532 2071 der
1564 2026 1832 2082 Gymnasien
1863 2025 1955 2066 und

180 2100 498 2142 36613611111611ἂι
534 2102 849 2150 inscribuntur,
882 2101 926 2143 in
958 2113 1083 2143 usum
1116 2101 1360 2143 scholarum
1393 2096 1722 2151 dispositionem
1744 2092 1955 2148 prooemii

181 2168 313 2210 etiam
358 2171 413 2211 ad
454 2170 627 2222 singula
674 2171 1009 2212 descendentem
1051 2169 1219 2223 emisit,
1265 2168 1340 2210 ubi
1382 2168 1528 2209 eodem
1572 2165 1694 2207 modo
1735 2161 1952 2204 iudicavit

179 2238 415 2290 praecipue
454 2240 505 2280 de
539 2239 844 2291 archaeologia
876 2243 921 2281 et
952 2239 1090 2280 multa
1121 2241 1240 2280 recte
1281 2234 1534 2290 explicavit,
1577 2243 1837 2285 quamquam
1870 2241 1955 2271 non

180 2306 325 2348 omnia
356 2308 582 2358 probanda
615 2307 720 2349 mihi
753 2308 982 2358 Videntur;
1022 2308 1097 2349 sed
1130 2319 1223 2348 cum
1256 2304 1401 2347 omnia
1430 2299 1814 2354 interpretationis
1846 2309 1953 2339 suae

182 2380 443 2426 argumenta
475 2375 682 2429 omiserit,
714 2376 889 2428 singula
920 2375 1124 2428 persequi
1156 2386 1314 2428 operae
1345 2373 1531 2426 pretium
1564 2383 1648 2413 non
1682 2371 1760 2412 est.

295 2443 486 2485 Videtur
526 2450 672 2486 tamen
706 2444 958 2497 compositio
999 2443 1205 2497 prooemii
1247 2443 1380 2485 etiam
1412 2440 1513 2483 aliis
1544 2452 1627 2482 non
1659 2451 1808 2482 carere
1840 2437 1956 2480 diffi-

182 2512 434 2554 cultatibus.
493 2513 600 2555 Post
622 2512 895 2562 Ulli-ionium,
926 2512 1000 2564 qui
1024 2512 1188 2564 primus
1220 2511 1265 2553 in
1288 2509 1675 2552 dissertationibus
1706 2507 1807 2561 illis,
1839 2518 1953 2559 quae

184 2579 417 2632 „Beitrage
458 2594 536 2622 zur
567 2581 825 2635 Erklarung
866 2583 942 2623 des
975 2580 1288 2634 Thukydides“
1323 2578 1636 2630 inscribuntur,
1677 2578 1731 2619 de
1762 2574 1950 2627 simplici

181 2649 491 2699 compositione
540 2650 684 2701 operis
736 2649 1001 2703 Thucydidii
1053 2648 1297 2702 dubitavit,
1359 2659 1539 2699 quarum
1591 2644 1950 2687 dissertationum

181 2715 254 2767 qui
296 2717 349 2757 ad
401 2717 665 2769 prooemium
711 2718 906 2760 attinent
949 2718 1064 2760 locos
1110 2729 1186 2760 suo
1225 2718 1317 2759 loco
1362 2714 1619 2766 memorabo,
1665 2711 1956 2765 singulariter

181 2784 232 2826 de
303 2786 634 2838 archaeologiae
697 2799 791 2828 cum
851 2786 1067 2839 prooemio
1129 2797 1294 2828 conexu
1355 2773 1614 2827 Cwiklir‘iski
1682 2782 1728 2823 in
1790 2781 1952 2822 disser-

179 2852 348 2894 tatione
403 2853 656 2906 inaugurali
706 2854 1003 2907 Berolinensi,
1054 2866 1165 2906 quae
1216 2852 1475 2895 inscribitur
1527 2849 1843 2904 „Quaestiones
1895 2849 1952 2889 de

178 2925 376 2972 tempore
408 2934 490 2973 quo
513 2922 792 2976 Thucydides
823 2923 1008 2975 priorem
1041 2922 1253 2965 historiae
1284 2933 1390 2963 suae
1420 2924 1590 2973 partem
1621 2916 1955 2970 composuerit“,

177 3000 217 3039 p.
250 2989 303 3030 23
321 3001 411 3041 sqq.
453 2990 565 3031 hanc
604 2991 867 3032 sententiam
908 2991 1151 3043 proposuit:
1193 3003 1288 3032 cum
1329 2990 1447 3031 inter
1487 2988 1646 3041 capitis
1675 2986 1698 3028 I
1738 2998 1948 3038 paragra-

179 3056 287 3108 phos
313 3058 332 3098 1
358 3061 402 3098 et
425 3058 449 3098 2
481 3060 615 3109 atque
647 3057 763 3100 inter
794 3059 944 3111 capita
975 3059 1111 3100 XXII
1142 3062 1186 3100 et
1216 3057 1377 3100 XXIII
1408 3069 1595 3100 conexus
1628 3056 1949 3098 sententiarum
