2061 3337
805 130 1088 172 -37—

54 249 216 292 bellum
259 251 431 301 gestum
473 250 610 289 esset:
651 245 840 287 Graecos
882 243 1110 285 universos
1152 241 1221 282 vel
1254 239 1386 281 facile
1427 236 1588 290 proelio
1630 235 1823 277 victuros

53 320 100 359 et
125 316 300 359 Troiam
332 318 537 369 capturos
559 313 708 365 fuisse,
741 325 835 355 cum
869 311 1000 353 etiam
1024 322 1127 361 pars
1161 320 1303 350 eorum
1328 307 1462 348 Troes
1495 303 1824 356 adaequaret¹)‚

54 385 138 438 Vel,
178 385 215 427 si
247 383 472 426 obsidione
513 393 620 434 opus
662 381 843 430 suisset.
884 377 1141 420 brevissimo
1183 380 1377 427 tempore
1417 383 1637 426 parvoque
1678 371 1825 412 labore

52 456 260 505 capturos
291 450 441 493 fuisse.
501 449 546 492 Si
578 460 682 490 vero
714 447 812 499 quis
854 448 897 488 in
940 458 988 488 eo
1029 445 1233 496 offendat,
1274 443 1388 495 quod
1428 441 1589 493 duplex
1631 438 1825 491 posuerit

53 520 333 573 Thucydides
363 519 544 561 verbum
576 513 702 562 εἶλον,
735 514 958 557 sententia
991 526 1072 554 non
1106 512 1190 553 iam
1224 512 1333 553 satis
1366 508 1564 560 intellegi
1596 513 1755 559 posset,
1787 506 1824 547 si

56 589 246 630 alterum
278 584 393 627 εἶλον
423 585 703 635 delereturff).

171 654 387 708 Exposuit
420 652 698 706 Thucydides
731 652 814 692 hac
856 648 1184 700 archaeologiae
1229 651 1355 699 parte
1397 645 1578 697 primum
1612 642 1824 685 Graeciae

53 727 299 777 potestates
331 721 550 764 maritimo
582 733 664 762 usu
695 723 941 761 crescentes
975 730 999 758 a
1035 717 1175 758 Minoe
1210 727 1344 766 usque
1377 715 1432 755 ad
1461 717 1824 765 Agamemnonem

55 791 276 844 capitibus
307 790 386 841 ΙΙΙ,
418 789 582 834 5-1X,
614 789 651 841 4,
684 787 839 829 deinde
873 787 925 827 de
959 784 1063 826 belli
1096 783 1240 825 Troici
1276 781 1578 833 magnitudine
1610 777 1825 820 iudicavit

56 859 222 902 additis
261 859 387 901 huius
428 857 581 899 iudicii
625 854 896 907 argumentis
938 852 1159 905 capitibus
1209 851 1297 902 IX,
1339 849 1487 902 5—X,
1539 853 1627 889 tum
1670 858 1826 888 causas

54 928 320 981 exiguitatis
362 927 468 968 belli
510 924 656 966 Troici
699 922 941 975 explicavit
992 920 1152 972 capitis
1198 919 1264 960 X1
1305 916 1597 970 paragraphis
1641 917 1660 956 1
1704 920 1748 956 et
1790 916 1827 955 2.

0 988 1 994 ἵ
56 996 256 1048 Denique
297 994 456 1047 capitis
497 993 564 1034 XI
605 991 884 1044 pa1agrapho
925 990 950 1030 3
992 988 1161 1040 colligit
1204 990 1340 1028 totum
1384 985 1487 1026 belli
1520 983 1663 1025 Troici
1705 986 1826 1024 ante-

0 1076 1 1083 *
55 1063 340 1115 cedentisque
373 1062 537 1104 aetatis
569 1059 797 1102 iudicium:
839 1057 945 1098 ἀλλὰ
985 1055 1041 1096 δι’
1073 1054 1341 1110 ἀχρηματίαν
1372 1054 1425 1093 τά
1453 1067 1495 1092 τε
1539 1050 1625 1105 πρὸ
1670 1051 1828 1090 τούτων

57 1131 223 1187 ἀσθενῆ
258 1127 407 1184 ἦνκαὶ
437 1127 544 1170 adzo?
575 1142 620 1182 ρε-
654 1126 703 1182 δὴ
736 1133 868 1166 ταῦτα
908 1123 1228 1177 ὀιομαστότατα
1258 1137 1344 1162 των
1390 1120 1537 1175 πρὶΙν
1527 1119 1727 1171 wionem
1760 1117 1827 1171 ὁη-

56 1200 206 1242 lowen
232 1206 324 1248 τοῖς
344 1197 486 1253 ἔργοις
518 1194 803 1249 ὑποδεέστερα
835 1193 935 1234 ὄντα
967 1199 1039 1247 τῆς
1069 1194 1214 1247 φήμης
1244 1190 1314 1231 καὶ
1345 1196 1420 1229 τοί
1454 1195 1524 1228 νῦι
1557 1187 1657 1238 περὶ
1690 1185 1828 1226 arum»

58 1268 130 1310 διὰ
161 1268 261 1316 τοὺς
292 1266 473 1321 ποιιτὰς
503 1264 632 1319 λόγοι
664 1277 987 1318 κατεσχηκοτος.
1048 1260 1277 1303 Particula
1309 1257 1414 1298 &Md
1456 1257 1709 1299 annectitul
1750 1257 1829 1297 hoe

59 1337 268 1380 iudicium
301 1335 551 1378 sententiae
583 1332 876 1383 antecedenti,
917 1344 1003 1383 qua
1044 1329 1202 1381 quibus
1235 1326 1560 1369 condicionibus
1592 1325 1724 1366 Troia
1765 1323 1827 1365 fa-

61 1405 188 1448 cilius
228 1403 472 1457 expugnari
514 1401 732 1454 potuisset
774 1400 1017 1452 expositum
1063 1403 1170 1449 erat,
1202 1400 1248 1438 ut
1282 1396 1347 1437 ita
1388 1398 1563 1436 vertere
1595 1392 1828 1445 possimus:

62 1485 201 1526 „quae
233 1485 325 1515 cum
358 1472 423 1513 ita
455 1482 538 1512 non
570 1482 616 1511 se
648 1469 876 1520 haberent,
907 1468 1013 1509 etc.“
1085 1466 1197 1507 Sunt
1230 1469 1375 1506 autem
1408 1463 1543 1504 verba
1585 1462 1637 1500 τά
1668 1474 1711 1500 τε
1743 1459 1829 1513 πρὸ

59 1542 224 1582 τούτων
251 1539 415 1594 ἀσθενῆ
448 1534 497 1592 ἦν
527 1539 758 1580 verborum
790 1536 868 1588 IX,
899 1537 925 1577 5
956 1532 1141 1584 εἰκάζειν
1178 1531 1222 1573 δὲ
1255 1531 1332 1586 χρὴ
1363 1530 1434 1571 καὶ
1465 1530 1591 1583 ταύτῃ
1626 1536 1675 1582 τῇ
1709 1540 1830 1582 στρα-

60 1611 152 1663 τείᾳ
184 1605 254 1649 οἶα
287 1603 335 1661 ἧν
365 1607 417 1647 τὰ
450 1605 536 1661 πρὸ
570 1604 700 1660 αὐτῆς
730 1604 938 1656 repetitio
970 1606 1016 1645 et
1038 1603 1173 1644 verba
1204 1600 1275 1640 καὶ
1297 1598 1405 1639 αὐτά
1436 1613 1481 1652 γε
1503 1596 1552 1652 δὴ
1584 1603 1718 1637 ταῦτα
1750 1595 1830 1637 κτλ.

60 1703 111 1708 -
145 1676 272 1729 λόγου
305 1673 614 1730 κατεσχηκότος
645 1672 796 1715 iudicii
830 1674 881 1714 de
914 1672 1026 1713 bello
1050 1671 1202 1712 Troico
1234 1669 1381 1720 capite
1412 1667 1466 1721 X,
1494 1666 1598 1707 1-3
1631 1664 1831 1717 expositi.

177 1747 285 1787 Arte
317 1745 594 1787 coniunctum
637 1746 703 1785 est
745 1754 840 1783 cum
883 1741 962 1783 hoc
998 1739 1157 1791 capitis
1189 1738 1267 1789 XL
1299 1738 1324 1778 3
1366 1735 1526 1777 iudicio
1567 1739 1699 1786 caput
1732 1732 1831 1774 XII.

62 1815 171 1857 Nam
213 1815 350 1856 verba
391 1809 489 1852 ἐπεὶ
530 1813 615 1857 καί,
659 1822 769 1862 quae
818 1823 842 1851 a
885 1807 1153 1850 Schwartzio
1186 1808 1267 1847 1.1.
1307 1819 1347 1858 p.
1379 1805 1473 1857 205‚
1519 1816 1613 1844 cum
1656 1814 1830 1843 causam

61 1882 210 1926 afferri
242 1882 499 1934 postularet,
540 1892 622 1922 non
663 1879 997 1930 intelleguntur,
1039 1875 1139 1917 aliis
1182 1886 1349 1926 quoque
1391 1871 1508 1914 locis.
1549 1883 1654 1922 quos
1697 1868 1831 1921 ¹Qteup

61 1950 311 2003 adscripsit,
353 1962 378 1991 a
419 1947 674 2001 Thucydide
722 1959 774 1988 ea
820 1944 1142 1997 significatione
1190 1942 1466 1991 adhibentur,
1516 1947 1563 1980 ut
1611 1937 1831 1980 sententia

62 2020 327 2062 antecedens
361 2030 412 2059 ea
444 2015 679 2068 sententia,
718 2027 829 2066 quae
877 2013 942 2055 his
983 2011 1214 2064 particulis
1256 2009 1488 2061 affigatur,
1531 2011 1747 2059 augeatur
1789 2012 1833 2047 et

62 2087 270 2139 firmetur,
303 2086 415 2138 quod
447 2085 585 2126 latine
619 2083 757 2125 vertit
785 2082 974 2133 Kr'uger:
1010 2079 1183 2133 „QuidP
1216 2079 1368 2130 quod⁴‘.
1399 2075 1651 2129 germanica
1682 2074 1833 2122 lingua

62 2155 299 2198 vertimus:
334 2155 415 2207 „da
448 2154 560 2195 deun
594 2153 746 2194 auch‘st
808 2151 957 2201 Neque
991 2161 1090 2191 vero
1123 2147 1233 2190 satis
1266 2152 1385 2187 recte
1418 2144 1552 2196 Steup
1596 2143 1721 2184 liuius
1752 2142 1833 2183 loci

65 2236 270 2266 conexum
304 2221 495 2274 exponit,
527 2233 620 2262 cum
655 2219 832 2262 scribit:
868 2216 1085 2270 „Hiermit
1117 2215 1227 2258 wird
1261 2215 1539 2265 angedeutet,
1572 2224 1670 2252 man
1693 2211 1833 2251 konue

66 2292 158 2334 sich
190 2291 313 2333 nicht
344 2291 565 2342 wuudern,
598 2288 682 2330 dass
716 2289 792 2329 der
823 2287 1001 2335 Mangel
1035 2297 1088 2326 an
1124 2284 1297 2325 Mitteln
1333 2282 1386 2323 im
1422 2280 1639 2321 troischeu
1672 2278 1834 2327 Kriege

68 2360 174 2402 noch
209 2372 254 2402 so
287 2360 388 2401 sehr
408 2360 772 2410 hervo1.·get1·eten
793 2355 867 2407 sei,
900 2356 955 2395 da
978 2354 1086 2396 auch
1111 2356 1262 2404 spater
1293 2351 1398 2392 noch
1432 2349 1511 2390 mit
1542 2349 1621 2389 deu
1649 2347 1834 2388 Wunde-

66 2440 234 2480 rungen
282 2428 359 2469 das
402 2424 767 2477 Haupthemmnis
809 2423 930 2464 einer
973 2420 1277 2473 gedeihlichen
1320 2417 1636 2464 Eutwickluug
1674 2416 1835 2466 fortge·

68 2498 224 2538 dauert
258 2495 411 2537 habe“.
472 2494 555 2535 Sed
599 2493 743 2544 potius
786 2496 937 2533 auctor
978 2490 1058 2531 sub
1103 2489 1210 2529 illud
1254 2486 1474 2536 iudicium.
1515 2496 1596 2535 quo
1638 2483 1835 2524 Trou-am

68 2568 259 2607 aetatem
292 2567 336 2604 et
368 2562 511 2613 priora
544 2560 710 2603 debilia
754 2560 890 2601 fuisse
934 2557 1119 2601 dixerat,
1162 2555 1305 2606 capite
1338 2553 1427 2594 XII
1468 2553 1600 2593 etiam
1643 2557 1835 2602 tempora

69 2632 229 2674 bellum
253 2630 451 2672 Troicum
476 2627 793 2680 subsequentia
815 2625 1153 2677 comprehendit.
1177 2623 1334 2674 quibus
1355 2627 1532 2673 propter
1554 2618 1837 2671 migrationes

189 2766 212 2804 ¹)
238 2767 288 2801 Ne
315 2766 450 2802 scribas
483 2776 562 2799 cum
588 2763 805 2798 Schwartzio
831 2767 867 2797 et
894 2761 1011 2796 Hudio
1039 2761 1089 2794 lin
1116 2758 1366 2793 dissertatione
1392 2755 1597 2799 inaugurali
1635 2765 1740 2797 supra
1768 2764 1838 2787 me-

71 2826 208 2858 morata
232 2835 265 2867 p.
293 2823 357 2857 142
382 2823 462 2856 adn.
489 2825 525 2856 et
550 2821 587 2854 in
613 2819 782 2857 editione)
808 2818 977 2860 ‹h‘lyo‘ocsl
1027 2817 1092 2851 Sed
1120 2821 1213 2850 recte
1240 2818 1433 2849 vertuntur
1469 2812 1575 2846 verbu
1613 2811 1746 2845 tradita
1772 2810 1838 2844 sic:

74 2879 233 2924 „Graeci,
259 2880 319 2923 qui
346 2880 454 2915 etiam
489 2889 566 2912 cum
599 2888 670 2911 non
704 2875 863 2910 universi
903 2875 1079 2916 adessent
1117 2873 1177 2906 sed
1217 2883 1259 2906 ea
1286 2875 1397 2914 parte,
1423 2879 1665 2913 quaecumque
1705 2868 1839 2905 aderat,

74 2936 226 2986 'lroibus
251 2936 415 2971 resistere
442 2938 618 2979 poterant,
645 2934 732 2968 etc.“

187 2991 214 3036 2)
240 2994 283 3027 ‹·.f
310 2993 441 3028 Caesar
465 2992 496 3026 b.
523 2991 564 3026 G.
591 2991 640 3032 II,
666 2990 720 3033 “)5,
746 2990 805 3024 ubi
832 2993 954 3023 auctor
980 2988 1024 3021 ad
1050 2985 1347 3021 constructionem
1368 2982 1566 3018 sentent-iae
1593 2981 1840 3025 explicandam

76 3050 221 3084 verbum
251 3049 383 3092 „vidit“
411 3049 545 3083 duobus
569 3047 654 3082 locis
681 3046 789 3090 ponit.
