2061 3337
915 153 1198 193 *34-

156 268 365 310 vTroicum
394 267 688 308 tractandum.
763 267 961 316 Apparet
1003 266 1140 306 verba
1182 262 1366 314 εἰκάζειν
1408 262 1453 304 δὲ
1492 263 1568 318 χρὴ
1608 265 1679 305 καὶ
1719 266 1845 319 ταύτῃ
1885 272 1934 318 τῇ

164 337 361 389 στρατείᾳ
392 331 463 374 οἶα
498 329 544 387 ’ἧν
566 333 618 372 τὰ
641 332 728 386 πρὸ
751 332 877 386 αὐτῆς
899 345 980 374 non
1002 332 1225 384 pertinere
1249 334 1302 374 ad
1327 334 1658 374 antecedentem
1690 333 1850 385 capitis
1867 333 1935 375 IX

165 403 490 456 expositionem,
522 402 567 442 id
615 403 725 452 quod
757 401 982 443 Schwartz
1024 401 1300 443 desiderasse
1346 400 1536 455 videtur,
1576 402 1650 442 sed
1692 401 1836 453 potius
1879 402 1935 443 ad

164 472 356 524 capitum
396 469 631 511 IV—Vffl
674 469 970 520 expositiones
1012 481 1058 510 se
1101 469 1334 521 applicare,
1381 481 1475 509 cum
1517 468 1677 520 capitis
1714 469 1791 522 IX,
1824 470 1934 510 1-4

165 539 459 591 explicatione
505 539 641 579 verba
686 534 727 576 ἐν
763 538 897 590 τούτῳ
939 544 996 590 τῷ
1032 536 1181 590 τρόπῳ
1222 536 1384 588 μᾶλλον
1430 536 1507 592 ἤδη
1556 535 1673 585 ὄντες
1717 537 1935 580 illustrari

163 620 295 659 supra
342 606 594 648 dixerimus.
678 605 921 647 Cohaerent
973 605 1118 657 potius
1170 607 1279 647 haec
1328 607 1465 647 verba
1506 618 1601 648 cum
1643 605 1935 658 explicatione

163 674 461 726 subsequenti,
507 675 562 715 ad
607 675 719 725 quod
761 674 1105 725 cognoscendum
1147 673 1270 725 prius
1311 674 1425 715 hanc
1456 673 1669 726 explicari
1700 687 1808 726 opus
1839 673 1936 715 erit.

162 743 333 795 Capitis
384 743 426 783 X
477 744 854 794 paragraphorum
904 742 1013 783 1-3
1067 734 1413 784 ‘exstructionem
1458 746 1578 784 recte
1631 742 1834 795 exposuit
1888 742 1936 784 T.

162 811 340 853 Nicklin
382 810 611 855 (Classical
654 810 837 852 Review
867 810 1025 851 XVIII
1066 810 1210 863 (1904)
1254 823 1292 863 p.
1326 809 1461 863 19910).
1533 810 1720 852 Refutat
1764 811 1935 863 Thucy-

163 880 286 921 dides
318 879 444 921 initio
477 878 638 931 capitis
669 879 712 919 X
744 878 954 920 eiusmodi
999 878 1236 931 opiniones,
1277 882 1327 919 ut
1373 877 1622 931 exiguitate
1653 879 1935 933 Mycenarum

162 947 401 989 aliorumve
434 947 557 989 illius
590 947 752 989 aetatis
775 947 1029 999 oppidorum
1063 946 1240 998 probari
1273 946 1436 998 aliquis
1476 951 1616 1001 putet,
1658 947 1820 988 bellum
1851 959 1935 988 non

160 1019 330 1058 tantum
361 1015 510 1068 fuisse,
543 1018 755 1067 quantum
786 1020 941 1067 poetae
974 1015 1267 1068 narraverint,
1299 1014 1342 1056 id
1375 1017 1488 1066 quod
1510 1015 1699 1067 Spartae
1730 1018 1777 1057 et
1798 1015 1933 1057 Athe-

159 1097 313 1126 narum
346 1085 542 1135 exemplo
575 1084 774 1125 illustrat
804 1084 1082 1135 paragrapho
1114 1085 1150 1126 12.
1183 1084 1238 1124 ad
1270 1096 1397 1135 quam
1431 1084 1560 1135 paulo
1591 1082 1709 1125 infra
1738 1086 1934 1125 reverte-

160 1165 263 1194 mur.
326 1153 434 1194 Tum
466 1153 745 1204 paragrapho
777 1152 803 1193 3
826 1152 947 1193 illam
969 1150 1281 1193 refutationem
1305 1150 1578 1206 ἐπαναλήψει
1598 1151 1765 1204 repetit
1786 1151 1933 1194 verbis

162 1220 313 1261 οὔκουν
345 1219 540 1261 ἀπιστεῖν
571 1218 685 1269 εἰκὸς
716 1218 810 1260 οὗόὲ
857 1219 934 1268 τὰς
974 1218 1105 1273 ὄψεις
1145 1226 1230 1259 τῶν
1271 1218 1442 1260 πόλεων
1482 1219 1643 1271 μᾶλλον
1683 1226 1860 1260 σκοπεῖν
1891 1217 1933 1275 [ἢ

158 1288 233 1337 τὰς
266 1287 477 1344 δυνάμεις]
497 1291 527 1343 ¹)
559 1292 604 1331 et
637 1293 789 1331 contra
822 1288 1003 1340 exponit
1044 1292 1208 1330 rectam
1255 1290 1307 1330 de
1348 1289 1461 1330 bello
1494 1289 1647 1330 Troico
1688 1289 1932 1340 opinionem

159 1357 418 1409 bipertitam
452 1355 640 1408 νομίζειν
672 1355 717 1396 δὲ
747 1355 823 1411 τὴν
854 1358 1077 1410 στρατείαν
1109 1352 1265 1411 ἐκείνην
1294 1358 1495 1410 μεγίστην
1524 1355 1599 1409 μὲν
1619 1357 1820 1410 γενέσθαι
1850 1362 1933 1396 τῶν

159 1424 247 1479 πρὸ
281 1425 421 1481 αὐτῆς,
454 1425 713 1480 λειπομένην
746 1423 790 1465 δὲ
821 1431 905 1464 τῶν
937 1431 1018 1471 νῦν,
1053 1425 1175 1467 6111113
1205 1424 1353 1477 priora
1379 1428 1554 1467 tantum
1576 1426 1713 1467 verba
1746 1425 1797 1467 de
1829 1423 1932 1467 belli

159 1494 306 1536 Troici
358 1500 403 1536 et
450 1494 804 1536 antecedentium
859 1494 1065 1535 bellorum
1115 1494 1441 1546 comparatione
1493 1497 1643 1546 agunt,
1688 1493 1933 1546 posteriora

160 1567 305 1604 autem
337 1575 492 1605 novam
525 1562 793 1604 sententiam
817 1561 1019 1611 afferunt,
1052 1575 1163 1614 quae
1224 1574 1299 1614 pro
1321 1562 1457 1604 totius
1481 1561 1814 1614 archaeologiae
1836 1574 1933 1604 con-

159 1631 257 1673 silio
303 1631 489 1673 omnium
537 1630 805 1683 gravissima
852 1634 932 1672 est.
1014 1630 1266 1672 Particulae
1313 1629 1359 1670 δὲ
1405 1635 1552 1672 31116111
1602 1634 1700 1682 post
1744 1628 1934 1681 νομίζειν

159 1699 352 1751 scriptae
383 1700 619 1751 respondet
660 1699 767 1740 illud
798 1701 875 1751 μέν
906 1699 1034 1741 1111110
1067 1698 1226 1751 capitis
1256 1699 1300 1740 X
1341 1698 1551 1750 scriptum
1594 1699 1637 1740 in
1675 1699 1822 1741 verbis
1868 1697 1933 1739 ὅτι

159 1766 254 1819 μὲν
286 1772 477 1822 Μυκῆναι
509 1767 607 1815 ml„
641 1780 728 1819 qua
757 1767 980 1820 particula
1013 1769 1090 1819 μέν
1123 1768 1301 1809 3111111611
1342 1772 1497 1819 postea
1538 1766 1803 1809 sententiam
1834 1779 1932 1808 con-

160 1836 344 1878 trariam
376 1840 625 1878 secuturam
659 1848 754 1878 esse
786 1841 1101 1888 exspectamus.
1161 1835 1297 1878 Nobis
1330 1836 1412 1877 hae
1444 1836 1694 1877 sententiae
1727 1835 1790 1878 sic
1822 1848 1932 1877 com-

161 1906 386 1956 ponendae
419 1909 543 1946 sunt:
577 1916 866 1956 „quamquam
899 1904 1122 1956 exiguitas
1154 1904 1408 1957 oppidorum
1440 1917 1524 1946 non
1565 1917 1642 1956 pro
1676 1907 1932 1956 argumento

160 1972 422 2025 exiguitatis
454 1973 664 2014 bellorum
696 1973 900 2014 habenda
931 1976 1011 2025 est,
1043 1973 1118 2014 sed
1151 1974 1229 2015 hoc
1258 1973 1416 2014 bellum
1439 1973 1580 2014 maius
1601 1971 1820 2024 prioribus
1843 1971 1933 2014 exi-

159 2041 421 2082 stimandum
456 2046 535 2092 est,
566 2045 713 2082 tamen
746 2042 825 2082 hoc
853 2042 1015 2082 bellum
1047 2041 1189 2082 minus
1236 2041 1553 2093 posterioribus
1593 2040 1729 2082 fuisse
1766 2040 1932 2082 iudica-

160 2109 339 2150 bimns⁴‘.
401 2108 492 2161 Quo
525 2109 562 2150 si
595 2109 720 2151 addis
753 2109 914 2161 capitis
946 2109 1024 2161 IX,
1056 2111 1082 2151 5
1105 2109 1384 2161 sententiam,
1417 2108 1484 2150 his
1506 2109 1674 2150 duobus
1696 2108 1931 2150 sententiis

160 2177 461 2229 Thucydidem
495 2179 547 2218 de
580 2178 693 2219 bello
725 2177 878 2219 Troico
911 2182 955 2219 et
985 2177 1256 2229 temporibus
1279 2177 1656 2229 antecedentibus,
1687 2189 1798 2228 quae
1829 2177 1931 2218 inde

159 2258 186 2286 a
217 2246 361 2297 capite
385 2245 464 2297 ΠΙ,
486 2246 512 2287 5
536 2245 737 2297 exposita
759 2249 872 2297 sunt,
903 2245 1099 2287 iudicare
1122 2245 1440 2298 cognoscimus:
1474 2257 1675 2296 „necesse
1698 2249 1765 2287 est
1798 2244 1930 2287 etiam

160 2325 182 2354 e
214 2313 328 2355 bello
361 2313 513 2355 Troico
547 2313 607 2367 (id
649 2315 762 2364 quod
794 2313 881 2355 iam
913 2326 936 2355 e
967 2314 1098 2356 rebus
1145 2313 1252 2366 ipsis
1297 2314 1420 2355 modo
1463 2312 1696 2365 descriptis
1729 2313 1930 2367 apparet)

160 2382 428 2435 concludere,
460 2394 588 2433 quam
623 2382 810 2434 exiguae
826 2381 859 2436 2)
891 2394 960 2423 res
994 2386 1125 2424 antea
1167 2385 1321 2434 gestae
1368 2381 1544 2433 fuerint,
1589 2385 1634 2423 et
1674 2381 1930 2423 existimare

160 2450 238 2490 hoc
270 2451 431 2491 bellum
462 2450 615 2506 ipsum,
647 2451 760 2502 quod
793 2450 963 2501 quidem
998 2450 1231 2492 maximum
1274 2449 1466 2502 priorum
1497 2449 1645 2497 fuerit,
1685 2449 1827 2491 minus
1858 2461 1930 2501 po-

158 2517 413 2559 sterioribus
444 2518 621 2560 fuisse“.

273 2597 493 2639 Nonnulla
524 2598 658 2640 etiam
691 2600 743 2639 de
776 2597 962 2650 Spartae
1000 2602 1045 2639 61
1076 2599 1349 2639 Athenarum
1382 2596 1705 2649 comparatione
1747 2596 1930 2638 dicenda

158 2672 272 2706 sunt.
333 2666 459 2707 Duae
503 2669 605 2707 sunt
648 2666 916 2718 paragraphi
958 2668 982 2707 2
1025 2670 1197 2719 partes,
1236 2665 1356 2718 prior
1395 2666 1447 2706 de
1478 2664 1930 2716 Lacedaemoniorum,

160 2734 302 2779 altera
345 2735 397 2775 de
439 2733 775 2775 Atheniensium
816 2735 924 2775 urbe
965 2734 1071 2786 agit.
1142 2733 1341 2775 Secunda
1383 2732 1621 2784 simplicem
1664 2731 1928 2774 sententiam

274 2880 298 2924 ¹)
326 2881 444 2915 Verba
469 2881 488 2922 ἢ
515 2884 577 2916 τὰς
602 2878 767 2923 δυνάμεις
791 2881 927 2915 delevit
951 2880 1206 2923 Wilamowitz,
1241 2891 1320 2915 cum
1346 2890 1417 2914 non
1443 2890 1460 2914 e
1485 2878 1647 2922 potentia
1680 2879 1722 2912 de
1749 2878 1868 2921 aliqua
1891 2888 1930 2913 re

159 2937 438 2971 concludendum
465 2938 522 2981 sit,
550 2939 612 2972 sed
636 2939 714 2980 ipsa
738 2938 902 2981 potentia
925 2937 1117 2972 iudicanda
1142 2937 1199 2972 sit.

271 3005 297 3048 2)
323 3004 381 3037 οἷα
417 3006 459 3039 116
498 3006 700 3049 exiguitate
738 3006 927 3040 adhibetur
963 3005 1056 3040 sicut
1091 3011 1236 3038 τοιαῦτα
1272 3005 1310 3039 111
1347 3003 1475 3047 capitis
1499 3003 1566 3039 XV
1605 3003 1718 3038 initio.
1767 3003 1810 3038 cf.
1835 3003 1930 3037 infra

153 3072 188 3104 p.
213 3061 268 3096 43.
