2061 3337
964 173 1210 214 -48,

213 280 432 334 capitibus
473 282 580 323 XVI
622 286 665 323 et
709 283 841 324 XVII
880 285 931 325 de
973 284 1122 326 Persis
1164 289 1210 326 et
1249 287 1453 338 tyrannis
1489 288 1661 329 locutus
1702 287 1781 341 sit,
1823 289 1981 341 quibus

212 348 399 390 Graecia
430 361 483 391 ne
520 354 757 402 augeretur
791 351 1002 403 impedita
1025 352 1096 405 sit,
1123 353 1192 394 1110
1214 366 1353 395 novae
1375 355 1539 397 aetatis
1561 354 1687 397 initio
1709 357 1980 400 exactionem

212 420 495 469 tyrannorum
528 424 571 459 et
594 419 885 470 repulsionem
910 420 1142 462 Persarum
1164 421 1451 464 fundamenta
1472 422 1683 465 maiorum
1713 427 1980 476 potestatum

210 488 433 527 memorat.

324 565 482 616 Itaque
515 565 734 618 capitibus
766 567 921 608 XVIII
953 571 997 609 et
1027 567 1140 609 XIX
1173 580 1322 611 carere
1354 581 1436 611 non
1458 582 1703 623 possumus3
1737 572 1980 615 desiderari

212 636 357 673 autem
385 634 506 674 modo
540 633 726 675 diximus
759 635 811 676 de
844 635 957 676 bello
988 636 1220 678 Persarum
1252 637 1468 689 rebusque
1504 638 1837 690 insequentibus
1869 640 1981 682 iudi-

210 700 320 741 cium
354 702 468 743 hunc
499 702 543 742 in
575 703 765 744 modum:
800 701 908 755 „Sed
941 703 1071 745 etiam
1105 704 1267 746 bellum
1298 705 1533 748 Persarum
1564 720 1648 749 non
1680 707 1746 749 ita
1776 721 1979 761 magnum

210 771 327 810 erat:
359 782 457 810 nam
486 770 652 811 duobus
674 774 845 812 tantum
872 771 1042 824 magnis
1062 772 1242 824 proeliis
1263 772 1396 815 sactis
1419 774 1621 816 celeriter
1642 775 1879 818 finiebatur
1901 781 1981 820 etc.

209 836 270 878 Et
302 849 415 888 quae
457 838 616 879 deinde
657 842 902 890 sequuntur
943 852 1012 881 res
1054 845 1206 892 gestas
1246 853 1330 883 non
1362 854 1543 895 magnas
1575 843 1709 885 fuisse
1751 844 1838 886 iam
1879 845 1981 887 inde

211 909 408 958 apparet,
430 907 542 957 quod
563 918 646 948 non
670 906 753 949 nisi
775 908 1008 959 praeludia
1031 909 1246 960 quaedam
1267 909 1372 951 belli
1394 910 1753 963 Peloponnesiaci
1773 913 1981 956 fuerint“,

210 972 468 1015 Continetur
500 979 644 1016 autem
676 975 885 1018 eiusmodi
925 974 1018 1018 fere
1049 976 1257 1018 iudicium
1289 977 1434 1031 capite
1464 979 1636 1021 XXIII.
1695 980 1853 1032 Itaque
1885 993 1979 1022 cum

209 1042 295 1084 iam
328 1046 460 1084 antea
492 1055 586 1084 cum
618 1038 906 1086 Cwiklinskio
943 1046 1303 1098 concluseramus,
1345 1050 1476 1098 caput
1505 1047 1667 1088 XXIII
1697 1052 1845 1091 nostro
1885 1061 1982 1101 pro-

209 1110 345 1152 oemio
379 1114 525 1162 aptum
559 1124 642 1152 non
675 1123 782 1165 esse,
814 1113 890 1153 sed
917 1112 1107 1155 fortasse
1130 1113 1248 1165 prius
1275 1115 1538 1166 prooemium
1559 1117 1835 1169 remansisse,
1867 1117 1982 1159 veri-

210 1178 351 1221 simile
383 1178 487 1220 mihi
519 1179 697 1221 videtur
729 1180 1027 1233 Thucydidem
1061 1181 1222 1233 capitis
1253 1182 1413 1224 XXIII
1444 1185 1746 1236 paragraphos
1774 1186 1884 1226 1—-3
1914 1198 1981 1228 re-

208 1250 428 1288 tractatas
460 1272 514 1276 ——
545 1260 644 1289 nam
675 1248 752 1301 ita,
793 1252 986 1290 111111100
1027 1254 1262 1301 conceptae
1294 1253 1407 1304 sunt,
1447 1263 1530 1293 non
1572 1257 1675 1294 sunt
1717 1256 1861 1305 aptae,
1905 1254 1981 1295 sed

211 1319 304 1356 arte
337 1315 594 1357 coniunctae
626 1320 728 1357 sunt
761 1329 853 1358 cum
892 1316 1062 1369 reliqua
1095 1317 1254 1370 capitis
1285 1318 1447 1360 XXIII
1478 1323 1604 1371 parte
1637 1345 1688 1349 —
1721 1323 1820 1372 post
1850 1324 1979 1374 caput

208 1383 320 1424 XIX
353 1383 684 1436 archaeologiae
716 1384 939 1427 innectere
970 1386 1174 1428 voluisse.

324 1622 732 1674 Comprehendimus
777 1634 889 1674 quae
933 1624 984 1665 de
1029 1623 1198 1676 origine
1240 1628 1284 1666 et
1327 1626 1377 1666 de
1424 1626 1732 1678 compositione
1773 1628 1981 1680 prooemii

209 1690 498 1733 conclusimus
513 1705 521 1731 ε

324 1769 601 1824 Thucydides
643 1770 780 1821 primo
822 1771 1000 1813 brevius
1042 1772 1187 1823 operis
1218 1772 1285 1814 sui
1317 1773 1580 1824 prooemium
1612 1774 1802 1827 scripsit,
1844 1788 1866 1818 e
1898 1789 1980 1828 quo

207 1844 347 1880 restat
382 1842 514 1890 caput
545 1838 716 1890 XXIII,
758 1851 839 1890 quo
872 1839 1031 1881 bellum
1064 1840 1478 1892 Peloponnesiacum
1520 1842 1659 1884 maius
1690 1842 1828 1885 fuisse
1869 1845 1981 1887 bello

210 1907 441 1948 Persarum
487 1906 673 1948 maximo
714 1907 902 1959 priorum
951 1908 1159 1950 bellorum
1203 1908 1456 1960 exponitur;
1498 1922 1637 1961 neque
1678 1912 1813 1954 multo
1854 1913 1981 1964 plura

211 1978 314 2017 ante
346 1979 480 2026 caput
511 1974 670 2016 XXIII
697 1975 862 2028 scripta
893 1975 1031 2018 fuisse
1053 1975 1294 2018 verisimile
1328 1982 1394 2018 est
1426 1990 1553 2029 quam
1577 1991 1688 2030 quae
1710 1992 1824 2022 nunc
1854 1980 1981 2024 initio

210 2043 371 2095 capitis
403 2043 425 2084 I
464 2044 673 2095 legimus:
714 2043 1010 2097 Thucydidem
1052 2045 1215 2086 bellum
1257 2045 1540 2098 descripsisse
1582 2051 1626 2088 et
1662 2048 1708 2089 id
1749 2049 1979 2091 maximum

211 2112 398 2153 omnium
425 2123 561 2162 usque
595 2113 700 2152 adeo
733 2112 942 2153 bellorum
975 2111 1124 2154 fuisse.

325 2192 485 2232 Postea
517 2192 572 2232 ad
604 2191 869 2232 sententiam
911 2204 1032 2233 suam
1078 2193 1129 2233 de
1172 2193 1333 2235 eximia
1365 2193 1469 2235 belli
1501 2194 1862 2247 Peloponnesiaci
1892 2210 1980 2239 ma-

211 2259 441 2311 gnitudine
481 2258 622 2312 magis
655 2260 1015 2311 comprobandam
1049 2273 1205 2302 novum
1249 2262 1510 2312 prooemium
1552 2263 1741 2317 scripsit,
1784 2277 1866 2316 quo
1908 2277 1982 2307 ex-

210 2328 373 2380 plicate
417 2329 468 2369 de
500 2327 787 2379 singularium
831 2328 1042 2370 historiae
1086 2328 1283 2371 Graecae
1327 2333 1523 2372 aetatum
1564 2331 1869 2384 magnitudine
1910 2333 1981 2375 vel

211 2396 459 2448 exiguitate
492 2395 597 2448 agit.
658 2396 894 2448 Postquam
927 2408 1046 2438 suam
1081 2398 1344 2440 sententiam
1367 2400 1530 2453 κίνησις
1556 2397 1657 2454 αὕτη
1689 2401 1863 2455 μεγίστη
1896 2397 1980 2454 ἐγέ-

214 2478 302 2504 νετο
336 2465 562 2516 proposuit
594 2468 638 2505 et
669 2464 957 2516 subsequenti
996 2465 1219 2507 sententia
1250 2465 1303 2505 τὰ
1334 2464 1422 2520 πρὸ
1454 2465 1594 2506 αὐτῶν
1625 2467 1773 2508 καὶτὰ
1803 2465 1865 2508 ἔτι
1898 2482 1980 2509 πα-

211 2530 387 2585 λαίτερα
428 2531 476 2572 οὐ
517 2531 679 2585 μεγάλα
721 2531 880 2584 νομίζω
920 2535 1125 2586 γενέσθαι
1171 2535 1425 2586 complevit,
1474 2536 1583 2577 haec
1623 2535 1886 2588 singillatim
1927 2538 1980 2579 de

212 2600 521 2652 antiquissima
550 2604 710 2652 aetate,
744 2602 795 2642 de
827 2601 932 2643 belli
964 2601 1108 2644 Troici
1141 2606 1303 2656 aetate,
1335 2604 1388 2644 de
1418 2607 1700 2656 tyrannorum
1735 2608 1896 2658 aetate,
1920 2599 1980 2647 'de

210 2668 315 2710 belli
345 2669 578 2710 Persarum
611 2673 759 2710 aetate
799 2669 989 2723 exponit,
1032 2682 1126 2711 cum
1167 2671 1211 2712 in
1243 2671 1428 2723 singulis
1469 2671 1713 2724 quibusque
1755 2672 1979 2715 aetatibus

209 2737 394 2788 primum
417 2738 468 2778 de
491 2737 816 2778 condicionibus
838 2741 1082 2790 temporum
1105 2742 1150 2780 et
1171 2739 1393 2792 potentiis,
1426 2739 1581 2781 deinde
1604 2741 1655 2781 de
1677 2740 1979 2792 magnitudine

210 2805 419 2846 bellorum
463 2804 577 2857 agit,
621 2805 806 2856 denique
849 2805 1057 2847 iudicium
1090 2806 1361 2858 singularum
1404 2810 1598 2849 aetatum
1642 2808 1979 2860 comprehendit

210 2872 312 2914 Post
347 2873 693 2925 archaeologiam
726 2873 912 2924 denique
944 2874 1209 2916 sententiam
1241 2875 1401 2927 capitis
1423 2875 1445 2916 I
1465 2875 1640 2928 repetit,
1663 2887 1756 2917 cum
1787 2876 1979 2927 priorum

211 2944 407 2982 aetatum
438 2941 645 2982 iudicium
679 2942 1006 2994 comprehendit
1038 2942 1091 2981 τὰ
1122 2941 1199 2994 μὲν
1231 2938 1304 2982 οὖν
1345 2942 1512 2983 παλαιὰ
1541 2949 1718 2983 τοιαῦτα
1747 2938 1873 2998 ηὗρον
1905 2945 1980 2986 ad-

210 3007 317 3048 ditis
349 3008 639 3050 inveniendae
670 3009 877 3052 veritatis
910 3010 1156 3052 rationibus
1193 3015 1237 3052 et
1277 3010 1436 3052 iterum
1478 3011 1582 3052 belli
1624 3011 1979 3063 Peloponnesiaci

208 3075 556 3128 magnitudinem
591 3077 780 3119 affirmat
813 3077 880 3117 καὶ
916 3075 937 3117 ὁ
970 3077 1158 3129 πόλεμος
1189 3074 1308 3127 οὗτος
1329 3077 1407 3118 ἀπ’
1439 3077 1576 3118 αὐτῶν
1605 3085 1689 3118 τῶν
1718 3076 1856 3133 ἔργων
1885 3092 1980 3120 σκο-
