2061 3337
972 182 1256 224 -25-

220 296 353 338 verbo
386 293 603 345 ξυνελθεῖν
635 293 934 335 accusativum
966 292 1146 345 adiungi
1178 294 1296 335 nullo
1330 293 1414 336 alio
1451 296 1542 337 loco
1573 294 1820 338 invenimus
1850 309 1991 349 neque

222 363 332 405 satis
374 362 585 414 explicari
617 365 782 413 potest3
824 374 910 414 qua
952 362 1005 402 de
1037 373 1170 403 causa
1201 363 1274 403 vel
1305 361 1564 404 scholiorum
1596 363 1847 407 coniectura
1880 365 1989 407 acci-

220 431 380 483 pienda
413 434 492 483 est,
524 442 637 482 quae
669 430 843 471 dicunt:
875 428 939 469 δεῖ
961 427 1006 469 δὲ
1038 431 1304 483 προσθεῖναι
1334 429 1409 485 τὴν
1440 428 1512 484 εἰς,
1544 428 1655 472 οἷον·
1690 430 1797 472 ἀλλὰ
1828 431 1902 473 καὶ
1931 430 1992 481 εἰς

218 500 369 554 ταύτην
391 498 464 553 τὴν
490 499 710 551 στρατείαν
733 496 956 553 ξυνῆλθον,
988 499 1061 540 vel
1082 510 1177 540 cum
1200 498 1403 541 Classeno
1426 503 1471 541 ct
1493 499 1652 542 Cobeto
1681 499 1991 554 ξυνζεξ>ῆλθον

220 568 496 610 scribendum
529 570 607 609 est.
668 566 840 608 Deinde
871 566 1136 618 particulam
1176 565 1248 606 καὶ
1290 567 1592 610 difficillimam
1634 580 1730 610 esse
1761 568 1992 612 intellectu

218 636 305 677 iam
348 635 574 677 Schwartz
615 636 642 676 1.
683 636 711 676 l.
754 648 793 686 p.
825 635 906 676 207
948 635 1127 687 monuit,
1173 648 1269 676 cum
1313 636 1414 689 alia,
1464 637 1520 678 ad
1565 649 1677 689 quae
1720 641 1852 679 antea
1893 650 1991 680 con·
2039 634 2043 635 ⁷

217 704 423 745 venerint
470 703 628 746 Graeci
684 704 802 744 bella
852 715 993 755 neque
1044 706 1337 746 memorentur
1386 716 1526 757 neque
1574 705 1761 758 cogitari
1813 705 1992 758 possint.
2046 719 2047 722 ¹

219 772 303 814 Sed
348 775 467 813 recte
512 771 619 813 mihi
666 772 843 813 videtur
889 771 1184 813 Wilamowitz
1239 773 1331 814 loco
1376 773 1506 825 paulo
1554 773 1670 815 infra
1715 775 1991 817 memorando

217 841 482 892 particulam
513 841 587 879 καί
619 841 674 881 ad
704 843 843 881 totam
886 839 1151 882 sententiam
1194 839 1372 892 referre,
1414 844 1465 882 ut
1503 843 1584 884 hoc
1625 854 1879 894 expressum
1910 843 1990 885 sit:

220 909 371 962 „Dazu
402 911 578 962 kommt,
611 909 695 951 dass
730 909 794 951 sie
827 909 977 951 diesen
1007 909 1102 962 Zug
1138 913 1230 951 erst
1260 909 1529 962 gemeinsam
1561 912 1892 965 unternahmen,
1925 913 1990 954 als

218 977 281 1020 sie
314 978 445 1019 schon
478 976 805 1029 einigermassen
828 978 909 1019 mit
941 979 1018 1019 der
1040 977 1119 1020 See
1141 982 1344 1020 vertraut
1373 980 1569 1032 waren“;
1599 993 1700 1021 nam
1732 993 1826 1022 cum
1859 984 1990 1023 antea

218 1047 271 1087 de
313 1045 715 1097 antiquissimorum
747 1050 987 1098 temporum
1019 1047 1255 1089 debilitate
1287 1047 1439 1099 egerit,
1481 1060 1595 1090 nunc
1626 1049 1678 1091 de
1709 1049 1815 1090 belli
1846 1049 1992 1091 Troici

217 1126 385 1166 quoque
420 1114 651 1156 debilitate
685 1118 810 1167 aget3
853 1116 930 1156 sed
970 1127 1055 1156 non
1087 1115 1216 1157 dicit:
1262 1117 1396 1168 „haec
1436 1129 1604 1169 quoque
1647 1117 1866 1170 expeditio
1906 1131 1990 1160 non

216 1183 280 1224 ita
313 1195 471 1235 magna
505 1182 593 1224 fuit
623 1195 763 1234 neque
794 1183 916 1235 prius
947 1183 1110 1235 suscipi
1140 1188 1330 1237 poterat,
1361 1197 1490 1237 quam
1522 1185 1682 1227 Graeci
1713 1186 1847 1228 maris
1877 1187 1992 1239 peri-

216 1251 350 1293 tiores
379 1251 488 1292 facti
521 1253 689 1305 erant“,
731 1253 808 1293 sed
841 1253 1102 1294 anacolutho
1143 1254 1348 1304 quodam:
1392 1255 1526 1305 „haec
1567 1266 1735 1306 quoque
1767 1254 1988 1307 expeditio

215 1332 299 1362 non
340 1319 462 1371 prius
494 1320 658 1372 suscipi
690 1324 877 1374 poterat,
910 1333 1040 1372 quam
1070 1320 1184 1362 mari
1215 1321 1447 1373 peritiores
1478 1322 1588 1364 facti
1619 1325 1806 1365 essent“.

330 1399 399 1440 Ad
430 1401 567 1441 verba
610 1399 807 1455 θαλάσσῃ
851 1399 929 1456 ἤδη
972 1400 1110 1442 πλείω
1153 1403 1363 1455 χρώμενοι
1404 1403 1668 1455 explicanda
1710 1403 1989 1457 Thucydides

216 1468 318 1510 inde
352 1481 375 1509 a
408 1468 557 1520 capite
589 1468 652 1510 IV
682 1481 821 1521 usque
855 1471 910 1511 ad
941 1470 1102 1522 capitis
1135 1470 1244 1512 VIII
1284 1472 1613 1524 paragraphum
1645 1473 1670 1514 3
1713 1473 1765 1514 de
1805 1472 1988 1524 naviga-

219 1536 354 1578 tionis
387 1541 432 1578 et
464 1537 706 1579 commercii
741 1539 856 1589 apud
888 1538 1079 1580 Graecos
1111 1538 1281 1591 origine
1314 1539 1419 1592 agit.
1486 1539 1600 1592 Quid
1641 1540 1728 1582 sibi
1769 1541 1822 1582 de
1861 1541 1989 1582 huius

220 1604 364 1657 partis
396 1605 705 1657 compositione
737 1606 955 1661 videatur,
993 1607 1242 1659 nuperrime
1275 1607 1476 1660 exposuit
1508 1609 1559 1650 U.
1591 1609 1644 1650 de
1677 1609 1990 1651 Wilamowitz-

217 1672 523 1715 Moellendorff
548 1674 592 1715 in
625 1675 814 1716 Hermae
845 1678 958 1716 tomo
989 1675 1112 1717 XLV
1149 1675 1296 1729 (1910)
1327 1689 1368 1728 p.
1399 1676 1482 1717 394
1514 1689 1617 1729 sqq,
1659 1677 1783 1719 cuius
1815 1680 1985 1719 senten-

215 1741 324 1783 tiam
355 1754 515 1794 magna
549 1754 602 1784 ex
633 1748 759 1795 parte
792 1756 874 1785 non
898 1743 983 1786 nisi
1005 1747 1206 1795 repetere
1237 1748 1281 1786 et
1303 1757 1623 1796 nonnumquam
1653 1758 1795 1797 pauca
1829 1747 1989 1788 addere

216 1822 402 1863 possum,
436 1811 656 1853 nonnullis
681 1815 827 1854 autem
851 1812 984 1853 etiam
1008 1813 1059 1854 de
1080 1813 1212 1854 rebus
1235 1812 1461 1855 dissentio.
1521 1813 1800 1867 Thucydides
1830 1813 1989 1866 incipit

217 1878 557 1929 explicationem
588 1879 738 1921 verbis
771 1880 932 1932 capitis
964 1880 1027 1921 IV
1058 1880 1148 1922 his:
1192 1885 1335 1929 Μίνως
1375 1880 1454 1935 γὰρ
1497 1880 1764 1930 παλαίτατσς
1795 1879 1853 1922 ὧν
1884 1881 1988 1936 ἀκοῇ

2043 1883 2048 1888 “
2048 1563 2061 1856 ΑΨ-ὼ-μμὼμ
2056 1519 2061 1530 .-

214 1943 334 1997 ἴσμεν
366 1945 562 1987 ναυτικὸν
593 1945 791 2002 ἐκτήσατο
829 1948 900 1988 καὶ
939 1954 1011 2001 τῆς
1054 1955 1124 1988 νῦν
1155 1948 1392 2004 Ἑλληνικῆς
1422 1948 1643 2004 θαλάσσης
1684 1947 1756 1990 ἐπὶ
1790 1949 1991 1992 πλεῖστον
2044 1954 2048 1956 ’

219 2011 420 2069 ἐκράτησε
436 2015 468 2065 l)
507 2015 578 2055 καὶ
608 2023 692 2055 τῶν
732 2015 964 2057 Κυκλάδων
998 2017 1130 2071 νήσων
1159 2013 1264 2071 ἦρξέ
1293 2032 1338 2057 τε
1381 2017 1453 2058 καὶ
1484 2015 1674 2073 οἰκιστὴς
1704 2026 1878 2071 πρῶτος
1906 2026 1991 2059 τῶν
2058 2012 2061 2031 ³

216 2082 430 2123 πλείστων
471 2083 659 2137 ἐγένετο,
702 2090 846 2138 Κᾶρας
891 2083 1094 2135 ἐξελάσας
1134 2085 1205 2125 καὶ
1247 2085 1346 2134 τοὺς
1387 2084 1540 2126 ἑαυτοῦ
1578 2085 1742 2136 παῖδας
1783 2086 1990 2140 ἡγεμόνας
2051 2095 2059 2124 ἰ

217 2147 550 2206 ἐγκαταστήσας·
594 2152 643 2193 τό
684 2168 728 2193 τε
769 2152 966 2206 λῃστικὸν
1007 2152 1065 2202 ὡς
1106 2151 1218 2202 εἰκὸς
1257 2155 1444 2208 καθῄρει
1484 2151 1530 2194 ἐκ
1561 2161 1636 2210 τῆς
1667 2155 1890 2211 θαλάσσης
1919 2153 1989 2211 ἐφ’

216 2217 318 2259 ὅσον
361 2215 536 2260 ἐδύνατο
578 2227 654 2261 τοῦ
693 2221 769 2269 τὰς
810 2220 1053 2276 προσόδους
1091 2221 1253 2274 μᾶλλον
1294 2221 1401 2262 ἰέναι
1441 2222 1569 2277 αὐτῷ.
1650 2223 1870 2276 Quattuor
1907 2236 1990 2279 res,

215 2287 370 2329 classis
391 2288 626 2331 institutio.
648 2290 783 2332 maris
805 2289 1046 2342 imperium,
1077 2290 1322 2332 insularum
1345 2292 1616 2344 expugnatio
1639 2292 1988 2346 coloniarumque

215 2356 430 2409 deductiO,
472 2357 718 2408 piratarum
752 2358 935 2410 exactio,
976 2359 1041 2400 ita
1072 2362 1323 2412 narrantur,
1364 2366 1413 2401 ut
1445 2360 1658 2412 posterior
1689 2373 1887 2414 quaeque
1918 2373 1989 2403 res

215 2435 268 2465 ex
312 2426 593 2467 antecedenti
635 2426 826 2479 oriatur,
867 2427 912 2468 id
953 2428 1066 2478 quod
1108 2427 1218 2468 bene
1259 2428 1568 2481 cognoscimus,
1608 2428 1646 2471 si
1687 2442 1795 2481 quas
1838 2434 1990 2472 auctor

215 2492 490 2535 coordinavit
541 2495 788 2537 sententias
840 2507 927 2537 una
988 2495 1211 2537 sententia
1264 2497 1665 2548 comprehendimus
1717 2498 1795 2539 hoc
1845 2499 1988 2540 modo:
2046 2547 2048 2549 ,

215 2560 385 2611 „Minos
418 2563 559 2604 classe
592 2568 751 2614 parata
785 2576 880 2605 cum
902 2564 1013 2606 mari
1035 2564 1202 2616 potitus
1224 2564 1269 2606 in
1293 2565 1504 2618 Cyclades
1527 2565 1717 2607 colonias
1741 2567 1989 2621 deduceret,

214 2634 393 2680 propter
424 2630 668 2682 vectigalia
712 2632 884 2683 piratas
927 2633 1153 2675 sustulit“.
1224 2633 1541 2676 Gravissimam
1582 2634 1862 2688 sententiam,
1903 2647 1990 2686 qua

214 2695 462 2748 piratarum
496 2699 792 2751 expulsionem
831 2701 1031 2753 protulit,
1073 2702 1234 2744 ceteris
1276 2701 1511 2743 sententiis
1542 2702 1821 2756 Thucydides
1864 2703 1989 2744 addit

213 2765 435 2816 particula
467 2768 521 2819 τέ,
555 2779 641 2818 qua
675 2769 851 2820 saepius
894 2782 984 2811 rem
1018 2770 1252 2822 praecipue
1294 2770 1530 2812 notabilem
1571 2770 1832 2823 expositioni
1866 2776 1989 2813 ante-

332 2924 354 2967 ¹)
381 2924 692 2967 Supervacaneum
711 2930 765 2962 est
784 2939 861 2962 cum
880 2927 1029 2971 Steupio
1049 2929 1229 2963 difficilem
1255 2929 1439 2964 verborum
1454 2929 1510 2961 ἐπὶ
1527 2927 1690 2960 πλεῑσιον
1715 2934 1772 2970 τῆς
1796 2927 1990 2971 Ἑλληνικῆς

214 2977 391 3021 θαλάσση,-
417 2992 588 3016 conexum
616 2988 812 3027 exstruere,
846 2995 924 3018 cum
959 2985 1110 3028 simplex
1145 2985 1360 3020 constructio
1386 2986 1495 3021 etiam
1529 2996 1549 3019 a
1575 2985 1742 3020 Classeno
1776 2990 1922 3029 accepta
1947 2996 1989 3021 ca.

213 3035 271 3079 sit,
296 3047 366 3079 qua
393 3043 450 3078 717,-
476 3037 654 3080 θαλάσσης
688 3050 705 3074 e
733 3041 839 3076 verbo
873 3042 1042 3084 ἐκράτησε
1074 3043 1229 3085 pendeat
1254 3046 1291 3078 et
1323 3043 1379 3074 ἐπὶ
1404 3040 1569 3074 πλεῖστον
1600 3042 1761 3077 adverbii
1784 3042 1822 3076 in
1846 3043 1987 3077 modum

214 3093 382 3128 addatur.
