2061 3337
911 197 1196 238 —28—

168 312 253 354 sibi
301 310 625 361 aedificavisse3
672 312 716 350 et
762 310 840 350 hoc
887 308 1233 350 additamentum
1279 307 1438 350 iterum
1481 321 1529 350 eo
1571 310 1776 364 explicat,
1823 312 1935 362 quod

169 392 279 432 quae
310 379 427 420 inter
458 377 706 430 potentiora
739 380 783 418 et
816 376 1030 418 debiliora
1061 375 1221 427 oppida
1253 377 1368 418 ratio
1401 377 1627 419 exstiterit
1657 382 1822 420 narrat.

278 448 571 489 Revertamur
603 447 656 487 ad
689 445 811 486 illam
834 445 886 486 de
919 444 1064 496 prisca.
1086 444 1276 496 piratica
1297 445 1646 497 explicationem.
1707 446 1876 498 Capitis
1898 447 1936 488 V

166 515 456 568 paragraphis
482 516 502 556 1
527 517 572 555 et
594 515 618 554 2
652 513 932 565 Thucydides
964 512 1145 564 exponit
1177 513 1362 564 primum
1393 514 1528 555 maris
1552 514 1719 566 Aegaei
1752 515 1935 569 accolas,

166 596 260 626 cum
302 583 488 625 navibus
531 581 800 634 aliquamdiu
841 582 927 623 iam
969 581 1038 623 usi
1072 584 1231 633 essent,
1278 583 1333 623 ad
1379 581 1614 633 piraticam
1660 595 1706 624 se
1747 583 1937 626 vertisse

167 654 346 704 propter
378 654 608 701 quaestum
651 653 695 691 et
727 649 892 691 victum
935 649 1116 691 ducibus
1148 648 1257 690 viris
1300 650 1632 703 potentissimis,
1675 651 1831 693 deinde
1863 663 1935 693 eos

164 720 336 772 oppida,
369 731 481 770 quae
511 718 601 761 illis
633 718 902 770 temporibus
931 719 1115 759 nondum
1140 718 1309 759 munita
1332 722 1469 771 erant,
1502 719 1770 770 expilavisse
1801 719 1937 772 pluri-

165 800 364 839 mumque
387 787 471 829 sibi
493 787 657 829 victum
680 785 923 838 paravisse.
982 785 1209 828 Describit
1231 786 1370 839 igitur
1393 787 1671 840 Thucydides
1703 788 1937 839 piraticam

160 857 346 909 primum
391 859 439 897 ut
479 856 544 897 ita
592 856 733 896 dicam
773 854 881 894 κατὰ
924 853 1098 906 δύναμιν
1130 854 1287 896 deinde
1321 854 1411 894 κατ’
1443 852 1663 909 ἐνέργειαν.
1726 856 1790 898 ΕΟ
1823 856 1937 898 enim

164 925 427 967 differuntur
471 925 554 965 hae
598 925 709 965 duae
752 923 1013 976 sententiae,
1058 936 1169 975 quae
1210 923 1326 965 inter
1367 936 1412 965 se
1454 924 1619 967 similes
1661 928 1774 979 sunt,
1823 925 1938 977 quod

164 993 282 1045 prior
314 993 472 1044 quibus
514 991 840 1033 condicionibus
884 992 1135 1033 auctoribus
1178 991 1322 1033 causis
1355 992 1512 1034 Graeci
1555 996 1599 1035 et
1631 993 1810 1034 barbari
1841 1005 1937 1035 con-

165 1061 310 1104 silium
342 1060 518 1113 pirandi
551 1060 760 1112 ceperint,
805 1061 997 1102 secunda
1028 1073 1108 1112 quo
1142 1061 1263 1101 modo
1306 1065 1350 1102 et
1381 1073 1463 1112 quo
1496 1073 1701 1104 successu
1731 1063 1810 1103 hoc
1842 1074 1938 1103 con-

166 1130 312 1172 silium
345 1129 573 1182 exegerint
605 1133 771 1170 narrat.
832 1129 970 1170 Addit
1010 1141 1136 1180 porro
1179 1129 1469 1183 Thucydides,
1509 1143 1592 1171 non
1634 1129 1842 1171 infamiae
1882 1129 1937 1171 iis

165 1199 302 1240 fuisse
332 1200 412 1239 hoc
443 1198 677 1250 negotium,
712 1198 755 1238 id
788 1198 900 1250 quod
933 1198 1091 1249 probat
1122 1198 1288 1239 duobus
1322 1199 1609 1250 argumentis,
1639 1211 1721 1240 usu
1751 1198 1938 1251 piratico

163 1267 254 1309 suis
287 1278 456 1318 quoque
488 1266 754 1318 temporibus
771 1265 801 1319 1)
836 1267 951 1318 apud
974 1266 1205 1316 nonnullas
1226 1270 1383 1318 gentes
1407 1267 1728 1308 continentales
1760 1269 1938 1309 servato

166 1339 210 1377 et
251 1339 477 1387 poetarum
521 1334 783 1377 testimonio.
853 1334 961 1386 Agit
1004 1334 1283 1388 Thucydides
1327 1334 1394 1376 his
1436 1336 1604 1376 duobus
1645 1334 1937 1388 paragraphis

168 1406 219 1446 de
264 1404 454 1457 piratica
497 1405 552 1445 ad
593 1403 855 1455 explicanda
897 1407 946 1444 ut
987 1403 1224 1444 memoravi
1265 1403 1403 1444 verba
1442 1401 1488 1443 τὸ
1524 1402 1724 1457 λῃστικὸν
1754 1403 1939 1457 καθῄρει

166 1469 209 1513 ἐκ
237 1478 308 1527 τῆς
338 1472 570 1527 θαλάσσης.
632 1472 812 1513 Piratae
844 1474 971 1513 erant
1003 1475 1149 1513 autem
1172 1471 1341 1525 Graeci,
1374 1484 1551 1523 quorum
1584 1474 1636 1513 de
1667 1472 1722 1513 iis
1754 1475 1938 1524 tantum,

167 1542 241 1594 qui
290 1553 422 1593 prope
467 1553 586 1582 mare
631 1540 908 1593 habitabant,
960 1540 1200 1592 cogitatum
1248 1552 1343 1582 esse
1383 1541 1519 1583 verba
1561 1538 1711 1595 ἐπειδὴ
1754 1539 1936 1595 ἤρξαντο

165 1609 328 1663 μᾶλλον
344 1610 640 1664 περαιοῦσθαι
672 1608 817 1648 ναυσὶν
839 1607 909 1649 ἐπ)
933 1607 1139 1663 ἀλλήλους
1155 1610 1322 1661 docent,
1345 1613 1389 1650 et
1412 1609 1602 1662 barbari,
1626 1609 1699 1661 qui
1716 1608 1761 1650 in
1778 1608 1936 1650 insulis

167 1683 212 1721 et
244 1678 287 1720 in
320 1678 407 1720 oris
440 1677 574 1720 Asiae
604 1678 884 1719 habitabant.
960 1677 1174 1730 Cognovit
1216 1677 1330 1718 enim
1373 1678 1425 1718 de
1458 1677 1763 1729 Wilamowitz,
1803 1678 1936 1719 verbo

164 1746 188 1802 ἡ
222 1747 403 1803 ἤπειρος
425 1747 576 1789 Asiam
609 1746 903 1799 significatam
938 1758 1044 1798 esse,
1076 1759 1205 1798 quam
1228 1745 1593 1798 significationem
1617 1746 1750 1787 etiam
1773 1745 1938 1787 scholia

165 1819 417 1869 memorant,
459 1820 503 1857 et
543 1817 692 1857 eodem
723 1816 846 1856 modo
882 1813 1009 1862 τοὺς
1046 1811 1300 1868 ἠπειρώταςἳ
1332 1814 1406 1866 qui
1442 1813 1686 1856 testimonii
1722 1826 1856 1856 causa
1890 1813 1936 1855 in

165 1886 444 1937 paragrapho
482 1885 506 1925 2
550 1884 805 1933 afferuntur,
848 1883 1014 1925 incolas
1058 1882 1191 1925 Asiae
1232 1895 1337 1934 esse,
1380 1895 1473 1924 cum
1516 1883 1560 1923 in
1601 1883 1879 1935 paragrapho
1910 1883 1936 1924 3

162 1954 339 2008 ἤπειρος
371 1953 557 1995 articulo
590 1964 743 1994 carens
777 1953 829 1993 de
860 1951 1018 2004 quavis
1050 1951 1300 1993 continente
1333 1951 1608 1993 adhibeatur.

280 2023 346 2063 Ad
378 2023 489 2063 hanc
522 2022 694 2072 priscae
725 2020 940 2072 piraticae
973 2020 1287 2072 expositionem
1320 2020 1599 2072 Thucydides
1621 2019 1819 2061 adnectit
1841 2031 1936 2061 con-

164 2091 395 2132 tinentalis
426 2089 649 2130 latrocinii
680 2089 1044 2139 memorationem,
1077 2101 1164 2140 qua
1196 2101 1221 2129 a
1252 2101 1299 2129 re
1322 2088 1418 2140 ipsa
1440 2089 1568 2140 paulo
1602 2089 1791 2130 aberrat.
1851 2087 1937 2141 Qui

165 2171 373 2201 excursus
406 2158 469 2200 sic
501 2161 752 2199 exstructus
784 2162 872 2198 est:
914 2156 1099 2208 primum
1132 2156 1265 2198 etiam
1296 2157 1342 2198 in
1375 2157 1625 2198 continente
1658 2156 1935 2198 latrocinium

164 2227 301 2269 fuisse
335 2227 466 2278 dicit3
510 2228 565 2268 ad
597 2227 709 2278 quod
742 2225 893 2267 statim
927 2228 1229 2277 argumentum
1273 2225 1489 2277 adiungit,
1531 2225 1664 2266 etiam
1706 2224 1796 2266 suis
1827 2227 1935 2266 tem-

164 2296 340 2348 poribus
373 2295 418 2336 in
447 2294 589 2336 media
623 2293 808 2336 Graecia
839 2296 992 2344 gentes
1025 2293 1347 2334 continentales
1370 2292 1646 2345 latrocinari3
1679 2296 1723 2334 et
1745 2292 1845 2334 huic
1867 2305 1935 2334 ar-

166 2368 369 2416 gumento
403 2364 526 2405 addit
568 2375 698 2404 unam
736 2375 825 2403 rem
872 2362 1100 2413 insignem,
1141 2363 1220 2403 has
1263 2366 1418 2413 gentes
1460 2373 1483 2403 e
1524 2361 1666 2413 prisco
1706 2360 1935 2402 latrocinio

166 2432 336 2485 gladios
383 2444 526 2474 secum
573 2430 707 2481 ferre;
754 2431 823 2472 cui
869 2430 1028 2472 iterum
1081 2430 1205 2471 addit
1248 2430 1303 2471 ad
1355 2430 1491 2471 verba
1537 2425 1580 2468 ἐκ
1624 2435 1696 2484 τῆς
1745 2428 1937 2476 παλαιᾶς

163 2499 355 2554 λῃστείας
397 2500 670 2553 explicanda,
711 2499 868 2551 priscis
910 2499 1177 2550 temporibus
1219 2510 1364 2539 omnes
1398 2497 1587 2540 Graecos
1630 2510 1750 2539 arma
1791 2509 1934 2539 secum

164 2569 322 2611 tulisse
354 2572 402 2610 ut
435 2569 526 2610 suis
558 2568 825 2620 temporibus
857 2568 1079 2608 barbaros.
1141 2565 1311 2608 Deinde
1343 2578 1490 2608 earum
1533 2566 1730 2618 gentium
1775 2576 1934 2607 morem

167 2637 299 2679 etiam
332 2649 411 2678 sua
444 2640 591 2678 aetate
633 2638 883 2677 exstantem
916 2639 1220 2685 argumentum
1253 2646 1348 2676 esse
1390 2634 1591 2686 vulgaris
1631 2634 1803 2686 priscae
1838 2645 1934 2675 con-

165 2705 411 2747 suetudinis
445 2704 562 2748 dicit,
596 2717 725 2756 quam
757 2704 1022 2746 sententiam
1056 2703 1278 2745 artissime
1311 2704 1365 2744 ad
1398 2702 1506 2744 illud
1539 2706 1841 2754 argumentum
1873 2701 1934 2742 la-

165 2774 339 2815 trocinii
374 2762 685 2815 continentalis
718 2785 764 2814 se
797 2772 1018 2824 applicare
1052 2775 1249 2823 apparet.
1311 2772 1419 2812 Tum
1452 2771 1651 2822 sequitur
1683 2771 1735 2811 de
1765 2770 1935 2811 vestitu

286 2898 307 2941 ¹)
336 2898 488 2931 Auctore
522 2897 685 2941 Relskio,
721 2898 781 2939 qui
816 2898 925 2932 verba
958 2898 1008 2928 ἔτι
1041 2899 1098 2928 καὶ
1133 2904 1194 2928 νῦν
1226 2900 1306 2940 post
1338 2895 1389 2930 οἷς
1421 2899 1548 2937 κόσμος
1580 2893 1693 2928 καλῶς
1718 2899 1820 2926 τοῦτο
1846 2891 1935 2936 δρᾶν

167 2958 398 2997 transponere
425 2955 549 2997 voluit,
577 2955 685 2998 Steup
711 2955 819 2989 verba
845 2956 895 2985 ἔτι
921 2956 978 2985 καὶ
1004 2961 1075 2991 νῦν,
1109 2964 1324 2996 quamquam
1359 2956 1453 2987 recto
1485 2953 1559 2986 loco
1593 2951 1709 2995 posita
1735 2954 1863 2994 essent,
1890 2951 1935 2985 ad

169 3012 276 3045 verba
302 3010 351 3044 οἷς
376 3013 502 3052 masto>-
528 3010 639 3044 καλῶς
666 3018 768 3042 τοῦτο
794 3009 883 3053 δρᾶν
901 3014 977 3046 arte
1003 3011 1235 3055 adiungenda
1261 3020 1335 3044 esse
1361 3009 1516 3052 putavit.
1565 3008 1633 3043 Sed
1659 3007 1790 3051 optime
1815 3007 1934 3043 verbis

167 3066 307 3109 δηλοῦσι
333 3064 370 3097 δὲ
398 3074 468 3098 τῶν
492 3070 700 3110 ἠπειριιηῶιι
726 3080 815 3101 τινες
840 3068 1033 3110 adduntur,
1068 3077 1147 3101 cum
1181 3066 1409 3109 Thucydides
1445 3066 1554 3101 etiam
1587 3075 1651 3099 suo
1684 3066 1841 3107 tempore
1866 3065 1932 3098 hoc

166 3128 418 3169 argumentum
445 3124 579 3167 priscae
606 3124 776 3166 piraticae
803 3127 944 3158 exstare
970 3123 1135 3158 affirmet.
