2061 3337
760 130 1042 171 —13—

506 300 572 343 ΙΙ.
605 300 672 342 De
703 297 940 352 capitibus
970 294 1287 338 ΧΧ-ΧΧΙΙ.

131 417 300 470 Capitis
322 416 410 458 XX
441 414 593 468 primis
615 413 764 456 verbis
795 411 848 451 τὰ
870 409 946 462 μὲν
969 405 1042 450 οὖν
1065 407 1231 449 παλαιὰ
1252 413 1430 447 τοιαῦτα
1451 401 1578 460 ηὗρον
1609 415 1785 456 respon·

14 487 121 528 dere
151 486 288 528 verba
319 483 479 536 eapitis
511 482 634 534 XXI,
668 483 693 523 2
725 479 797 520 καὶ
828 474 949 527 οὗτος
980 476 1002 517 ὃ
1034 475 1224 527 πόλεμος
1257 507 1263 513 .
1289 506 1296 513 .
1321 473 1501 529 δηλώσει
1532 471 1693 522 μείζων
1723 485 1788 525 γε·

16 555 245 609 γενημένος
275 550 413 593 αὐτῶν
444 551 558 592 dixit
590 550 776 601 Kriiger,
808 559 948 600 neque
986 548 1106 588 recte
1141 543 1301 596 capitis
1329 542 1451 594 XXI,
1491 544 1515 583 2
1548 554 1641 583 cum
1674 539 1785 591 prio-

15 621 139 664 ribus
177 620 410 663 sententiis
452 631 657 661 conexum
700 616 869 659 omnino
909 617 1060 657 deesse
1091 612 1271 665 putavit
1301 611 1539 653 Schwartz.
1599 608 1786 659 Utrique

18 694 164 732 autem
197 691 350 731 harum
384 686 703 729 sententiarum
734 682 1088 736 respondentium
1122 680 1281 722 affixae
1323 682 1425 721 sunt
1466 677 1683 729 longiores
1716 688 1786 717 ex-

15 757 291 810 plicationes,
323 768 432 807 quas
465 754 714 797 accuratius
747 753 978 804 disponere
1010 762 1116 802 opus
1145 754 1224 790 est.

135 826 292 867 Verbis
325 822 672 875 archaeologiam
706 819 1064 863 concludentibus
1105 816 1158 857 τὰ
1188 815 1265 868 μὲν
1297 810 1369 856 οὖν
1410 812 1578 854 παλαιὰ
1613 818 1788 852 τοιαῦτα

15 890 145 949 ηὗρον
175 893 359 946 primum
392 891 587 934 additum
621 894 700 943 est,
731 888 952 931 difficilem
984 887 1121 929 fuisse
1143 887 1297 927 harum
1328 883 1518 936 priorum
1552 894 1694 923 rerum
1726 880 1788 921 in-

15 961 280 1014 ventionem,
317 959 486 1012 χαλεπὰ
526 957 629 999 ὄντα
670 956 800 997 παντὶ
839 953 933 1010 ἑξῆς
972 955 1180 1009 τεκμηρίῳ
1221 958 1457 999 πιστεῦσαι,
1500 962 1610 1003 quae
1652 949 1790 990 verba

16 1030 106 1073 viri
148 1029 263 1071 docti
304 1028 428 1071 varie
469 1028 831 1079 interpretantur.
904 1024 993 1065 Non
1036 1022 1214 1065 difficile
1255 1021 1426 1074 quidem
1470 1019 1791 1070 intelleguntur

15 1099 155 1141 verba
187 1096 312 1138 παντὶ
351 1095 444 1150 ἑξῆς
475 1096 680 1149 τεκλιιηρίῳ
711 1099 939 1134 πιστεῦσαι
969 1096 1014 1134 et
1044 1095 1164 1133 recte
1196 1089 1288 1132 fere
1327 1088 1506 1130 Classen
1549 1085 1790 1138 explicavit

17 1166 137 1218 loqui
160 1169 377 1208 auctorem
407 1165 458 1206 de
489 1164 572 1205 fide
596 1175 724 1214 quam
756 1175 839 1204 non
871 1160 985 1204 omni
1008 1163 1276 1212 argumentQ
1309 1158 1607 1209 quodcumque
1640 1167 1790 1196 secun-

18 1236 121 1277 dum
153 1239 392 1286 temporum
415 1232 608 1274 ordinem
629 1231 742 1273 forte
764 1230 849 1272 sibi
871 1228 1112 1280 obvenerit,
1144 1228 1305 1269 habere
1337 1225 1487 1278 possit.
1548 1222 1632 1265 Sed
1654 1223 1790 1264 verba

21 1301 188 1355 χαλεπὰ
228 1300 340 1353 ὄντα,
380 1300 555 1343 etiamsi
597 1312 690 1342 cum
723 1298 903 1350 Steupio
945 1310 997 1339 ea
1038 1310 1114 1349 pro
1148 1294 1334 1336 ἀδύνατα
1365 1292 1466 1334 ὄντα
1497 1293 1663 1344 scripta
1695 1303 1790 1333 esse

21 1371 259 1422 existimes,
289 1382 383 1412 cum
416 1368 635 1410 infinitivo
669 1373 899 1407 πιστεῦσαι
931 1364 1135 1416 coniungi
1156 1376 1239 1406 non
1261 1366 1455 1415 possunt,
1489 1374 1582 1403 cum
1616 1362 1671 1402 ad
1694 1372 1791 1401 ver-

21 1441 122 1483 bum
155 1437 322 1479 παλαιά
353 1436 583 1480 referenda
615 1436 705 1478 sint
738 1447 874 1487 neque
906 1435 1039 1476 verbo
1073 1433 1287 1472 πιστεύειν
1309 1430 1589 1473 accusativus
1613 1428 1705 1470 eius
1727 1427 1791 1469 rei

21 1520 134 1562 quae
167 1507 364 1549 creditur
395 1506 681 1557 adiungatur3
724 1517 811 1556 qua
852 1505 905 1545 de
936 1514 1070 1544 causa
1107 1500 1314 1542 Reiskius
1346 1502 1516 1540 mutare
1547 1497 1688 1539 voluit
1721 1510 1793 1536 πι-

23 1582 207 1628 στῶσαι,
248 1576 324 1617 sed
364 1575 443 1615 hoc
485 1585 662 1616 necesse
703 1585 786 1614 non
829 1576 906 1613 est.
977 1569 1136 1612 Verbis
1177 1569 1291 1611 enim
1332 1566 1499 1618 χαλεπὰ
1541 1563 1640 1606 ὄντα
1681 1564 1823 1619 desi-s

23 1646 206 1686 deratur
239 1642 484 1685 infinitivus
513 1638 661 1695 εὑρεῖν,
693 1640 911 1682 infinitivo
933 1645 1162 1679 πιστεῦσαι
1191 1649 1349 1690 regens
1377 1635 1559 1677 verbum
1592 1627 1817 1673 ἀδύνατον

24 1711 133 1767 1'3'21.¹)
192 1712 350 1764 Itaque
372 1723 394 1753 e
418 1710 713 1752 contractione
737 1709 1058 1751 sententiarum
1080 1706 1133 1747 τὰ
1156 1704 1320 1746 παλαιὰ
1342 1702 1508 1755 χαλεπὰ
1540 1701 1639 1743 ὄντα
1661 1699 1795 1754 εὑρεῖν

24 1807 74 1810 -
120 1793 247 1833 quam
290 1780 345 1821 ad
386 1778 751 1821 constructionem
793 1778 845 1819 cf.
886 1776 1044 1829 capitis
1075 1775 1097 1816 Ι
1139 1775 1273 1816 verba
1314 1772 1365 1812 τὰ
1407 1771 1495 1824 πρὸ
1538 1769 1674 1810 αὐτῶν
1707 1805 1714 1812 .
1747 1805 1754 1812 .
1787 1805 1795 1813 .

22 1855 177 1905 σαφῶς
207 1883 216 1890 .
247 1882 255 1890 .
291 1844 428 1902 εὑρεῖν
469 1845 651 1887 ἀδύνατα
684 1841 732 1900 ἦν
772 1870 827 1874 —-
868 1849 911 1887 et
944 1843 1150 1884 ἀδύνατον
1190 1841 1237 1883 ὂν
1268 1844 1340 1891 (sc.
1382 1839 1493 1894 ἐμοὶ)
1535 1838 1664 1879 παντὶ
1699 1836 1795 1894 ἑξῆς

23 1919 236 1972 τεκμηρίῳ
276 1922 500 1956 πιστεῦσαι
541 1916 612 1957 vel
653 1913 858 1961 ἀδύνατος
899 1913 956 1953 ὢν
987 1947 994 1954 .
1027 1947 1034 1954 .
1066 1946 1072 1953 .
1117 1917 1342 1951 πιστεῦσαι
1381 1911 1461 1951 hoc
1503 1908 1794 1950 anacoluthon

27 1984 198 2037 χαλεπὰ
229 1983 328 2025 ὄντα
360 2018 368 2026 .
401 2019 407 2026 .
440 1989 663 2024 πιστεῦσαι
694 1983 858 2024 factum
891 1985 970 2024 est.
1040 1981 1161 2022 Haec
1203 1980 1339 2021 verba
1381 1977 1659 2030 explicantur
1700 1988 1795 2018 sen-

23 2054 171 2096 tentia
211 2052 507 2104 subsequenti.
548 2064 633 2104 qua
675 2050 866 2093 homines
910 2062 1053 2091 rerum
1090 2048 1231 2090 famas
1282 2060 1356 2100 pro
1399 2046 1592 2088 veritate
1634 2045 1795 2086 habere

26 2133 167 2175 neque
198 2121 433 2163 veritatem
466 2122 694 2172 explorare
727 2119 981 2161 affirmatur.
1042 2117 1175 2159 Cuius
1206 2117 1270 2158 rei
1304 2116 1427 2158 addit
1456 2115 1654 2166 exempla
1687 2114 1795 2155 tria:

26 2190 211 2244 primum
243 2190 294 2231 de
327 2195 609 2242 tyrannorum
643 2189 774 2230 caede
805 2187 961 2229 falsam
993 2198 1089 2228 esse
1123 2184 1455 2227 Atheniensium
1493 2183 1749 2235 opinionem,
1766 2182 1797 2235 ε3)

26 2259 263 2301 secundum
294 2261 338 2299 et
379 2257 558 2299 tertium
601 2257 733 2298 etiam
766 2260 871 2298 tunc
908 2255 1116 2307 temporis
1154 2266 1299 2296 omnes
1339 2252 1432 2294 fere
1465 2252 1655 2294 Graecos
1687 2250 1798 2292 falso

28 2328 218 2380 credere,
234 2331 465 2378 utrumque
480 2325 917 2367 Lacedaemoniorum
935 2335 1081 2375 regem
1100 2323 1182 2364 duo
1200 2321 1314 2364 ferre
1332 2320 1543 2372 suffragia
1561 2324 1603 2361 et
1621 2319 1798 2360 Pitana-

28 2399 119 2437 tam
153 2399 338 2436 turmam
369 2394 424 2436 iis
457 2395 621 2436 adesse.
682 2393 848 2446 Quibus
882 2392 1091 2443 exemplis
1114 2390 1376 2432 intermissis
1408 2389 1571 2441 repetit
1604 2388 1722 2429 illam
1745 2388 1799 2429 de

31 2463 295 2506 credulitate
327 2462 545 2504 hominum
578 2461 844 2503 sententiam
876 2460 1024 2502 verbis
1057 2458 1192 2506 οὕτως
1223 2457 1526 2510 ἀταλαίπωρος
1564 2462 1656 2503 τοῖς
1697 2454 1800 2495 πολ-

28 2530 122 2580 λοῖς
154 2529 176 2584 ἡ
208 2530 377 2584 ζήτησις
406 2535 478 2584 τῆς
509 2528 721 2584 ἀληθείας
751 2528 822 2568 καὶ
854 2526 929 2568 ἐπὶ
959 2527 1012 2567 τὰ
1044 2525 1195 2578 ἑτοῖμα
1225 2525 1383 2578 μᾶλλον
1413 2527 1653 2578 τρέπονται.

153 2656 175 2701 ¹)
202 2654 357 2688 ἀδύνατα
383 2657 469 2687 ὄντα
495 2666 556 2698 pro
583 2653 758 2686 ἀδύνατον
783 2655 824 2685 ὄν
856 2654 1027 2697 scriptum
1061 2663 1135 2687 esse
1169 2652 1309 2686 censuit
1343 2652 1446 2686 Hude
1480 2651 1515 2685 in
1550 2649 1800 2684 dissertatione

29 2713 252 2758 inaugurali,
279 2723 369 2756 quae
386 2711 593 2747 inscribitur
612 2711 887 2755 „Commentarii
905 2710 1019 2745 critici
1038 2710 1082 2744 ad
1099 2709 1341 2751 Thucydidem
1362 2708 1602 2751 pertinentes“
1623 2707 1803 2750 (Hauniae

34 2769 123 2804 1888
147 2781 179 2813 p.
208 2769 268 2803 111
297 2769 403 2814 adn.).
451 2768 518 2803 Sed
544 2769 630 2803 haec
654 2768 835 2803 sententia
859 2778 928 2802 non
954 2777 1092 2801 omnem
1119 2766 1367 2801 difficultatem
1393 2765 1506 2799 reicit.

151 2826 177 2869 ²)
203 2827 254 2861 De
288 2830 520 2870 tyrannorum
557 2826 664 2860 caede
697 2824 926 2867 Thucydides
960 2823 1162 2858 accuratius
1196 2822 1276 2856 libri
1301 2822 1354 2856 VI
1388 2821 1563 2864 capitibus
1591 2819 1805 2855 LIV—LIX

35 2883 191 2927 exponit.
238 2882 458 2926 Quamquam
486 2884 594 2925 Steup
618 2883 778 2926 Anhang
803 2893 834 2924 p.
853 2880 919 2915 352
946 2884 1040 2915 recte
1067 2879 1168 2922 dixit,
1194 2890 1212 2914 e
1239 2879 1502 2923 comparatione
1529 2889 1649 2912 earum
1677 2888 1803 2919 rerum,

37 2949 127 2982 qnae
160 2943 311 2983 utroque
343 2940 418 2974 loco
451 2942 664 2982 narrantur,
698 2938 858 2973 concludi
892 2948 962 2972 non
995 2947 1096 2980 posse
1122 2940 1230 2980 caput
1255 2936 1320 2970 XX
1354 2935 1434 2970 libri
1462 2936 1476 2969 I
1510 2934 1686 2978 posterius
1713 2934 1805 2978 capi-

34 2995 134 3043 tibus
157 2996 371 3031 LlV—LIX
394 2996 475 3031 libri
500 2995 551 3030 VI
577 2995 746 3038 scriptum
774 3005 860 3037 esse,
886 2999 1007 3029 tamen
1032 2994 1095 3027 hoc
1121 2993 1281 3028 concludi
1306 2997 1423 3036 potest
1448 3003 1492 3026 ex
1518 2992 1571 3026 his
1596 2991 1807 3025 rationibus.

36 3052 80 3086 In
105 3052 192 3086 libro
218 3053 269 3088 VI
295 3052 532 3087 Athenienses
557 3052 776 3095 quaesivisse
803 3062 871 3094 eos,
903 3051 965 3094 qui
991 3051 1141 3085 Hermas
1176 3049 1453 3086 mutilavissent.
1479 3060 1558 3083 cum
1586 3051 1802 3091 vererentur¹
