<?xml version="1.0" encoding="UTF-8"?>
<!DOCTYPE html PUBLIC "-//W3C//DTD XHTML 1.0 Transitional//EN"
    "http://www.w3.org/TR/xhtml1/DTD/xhtml1-transitional.dtd">
<html xmlns="http://www.w3.org/1999/xhtml" xml:lang="en" lang="en">
 <head>
  <title>
</title>
<meta http-equiv="Content-Type" content="text/html;charset=utf-8" />
  <meta name='ocr-system' content='tesseract 3.04.00' />
  <meta name='ocr-capabilities' content='ocr_page ocr_carea ocr_par ocr_line ocrx_word'/>
</head>
<body>
  <div class='ocr_page' id='page_1' title='image "./dethucydidisproo00hpuoft_0025.png"; bbox 0 0 2061 3337; ppageno 0'>
   <div class='ocr_carea' id='block_1_1' title="bbox 822 125 1103 166">
    <p class='ocr_par' dir='ltr' id='par_1_1' title="bbox 822 125 1103 166">
     <span class='ocr_line' id='line_1_1' title="bbox 822 125 1103 166; baseline -0.007 -12"><span class='ocrx_word' id='word_1_1' title='bbox 822 125 1103 166; x_wconf 66' lang='lat'>-23-</span> 
     </span>
    </p>
   </div>
   <div class='ocr_carea' id='block_1_2' title="bbox 78 234 1852 2407">
    <p class='ocr_par' dir='ltr' id='par_1_2' title="bbox 78 234 1852 2407">
     <span class='ocr_line' id='line_1_2' title="bbox 80 234 1844 293; baseline -0.006 -9"><span class='ocrx_word' id='word_1_2' title='bbox 80 243 159 284; x_wconf 92' lang='lat' dir='ltr'>hoc</span> <span class='ocrx_word' id='word_1_3' title='bbox 190 253 320 283; x_wconf 89' lang='lat' dir='ltr'>unum</span> <span class='ocrx_word' id='word_1_4' title='bbox 351 239 571 293; x_wconf 88' lang='lat' dir='ltr'>particula</span> <span class='ocrx_word' id='word_1_5' title='bbox 602 240 674 279; x_wconf 87' lang='grc' dir='ltr'>καί</span> <span class='ocrx_word' id='word_1_6' title='bbox 704 237 974 290; x_wconf 47' lang='lat' dir='ltr'>extollerel),</span> <span class='ocrx_word' id='word_1_7' title='bbox 1006 241 1055 279; x_wconf 92' lang='lat' dir='ltr'>ut</span> <span class='ocrx_word' id='word_1_8' title='bbox 1087 237 1198 278; x_wconf 87' lang='lat' dir='ltr'>hanc</span> <span class='ocrx_word' id='word_1_9' title='bbox 1230 234 1491 277; x_wconf 86' lang='lat' dir='ltr'>sententiam</span> <span class='ocrx_word' id='word_1_10' title='bbox 1515 235 1717 286; x_wconf 89' lang='lat' dir='ltr'>supplere</span> <span class='ocrx_word' id='word_1_11' title='bbox 1750 245 1844 284; x_wconf 91' lang='lat' dir='ltr'>pos-</span> 
     </span>
     <span class='ocr_line' id='line_1_3' title="bbox 81 302 1844 362; baseline -0.006 -10"><span class='ocrx_word' id='word_1_12' title='bbox 81 310 235 353; x_wconf 83' lang='lat' dir='ltr'><strong>simus:</strong></span> <span class='ocrx_word' id='word_1_13' title='bbox 270 309 545 362; x_wconf 88' lang='lat' dir='ltr'>„comprobat</span> <span class='ocrx_word' id='word_1_14' title='bbox 575 307 681 349; x_wconf 91' lang='lat' dir='ltr'>mihi</span> <span class='ocrx_word' id='word_1_15' title='bbox 712 306 1001 358; x_wconf 87' lang='grc'>111361613113</span> <span class='ocrx_word' id='word_1_16' title='bbox 1033 316 1144 358; x_wconf 90' lang='lat' dir='ltr'>quae</span> <span class='ocrx_word' id='word_1_17' title='bbox 1175 304 1371 346; x_wconf 87' lang='lat' dir='ltr'>omittam</span> <span class='ocrx_word' id='word_1_18' title='bbox 1416 302 1549 344; x_wconf 88' lang='lat' dir='ltr'>etiam</span> <span class='ocrx_word' id='word_1_19' title='bbox 1593 303 1670 343; x_wconf 88' lang='lat' dir='ltr'>hoc</span> <span class='ocrx_word' id='word_1_20' title='bbox 1702 312 1844 342; x_wconf 87' lang='lat' dir='ltr'>rerum</span> 
     </span>
     <span class='ocr_line' id='line_1_4' title="bbox 79 369 1843 430; baseline -0.006 -11"><span class='ocrx_word' id='word_1_21' title='bbox 79 378 321 430; x_wconf 87' lang='lat' dir='ltr'>priscarum</span> <span class='ocrx_word' id='word_1_22' title='bbox 353 375 693 419; x_wconf 86' lang='lat' dir='ltr'>infirmitatem“.</span> <span class='ocrx_word' id='word_1_23' title='bbox 753 375 845 416; x_wconf 92' lang='lat' dir='ltr'>Hoc</span> <span class='ocrx_word' id='word_1_24' title='bbox 876 378 1176 426; x_wconf 77' lang='lat' dir='ltr'>argumentum</span> <span class='ocrx_word' id='word_1_25' title='bbox 1209 376 1278 413; x_wconf 89' lang='lat' dir='ltr'>est</span> <span class='ocrx_word' id='word_1_26' title='bbox 1306 370 1576 423; x_wconf 77' lang='lat' dir='ltr'>bipertitum,</span> <span class='ocrx_word' id='word_1_27' title='bbox 1608 369 1672 411; x_wconf 87' lang='lat' dir='ltr'>ita</span> <span class='ocrx_word' id='word_1_28' title='bbox 1697 373 1843 410; x_wconf 90' lang='lat' dir='ltr'>tamen</span> 
     </span>
     <span class='ocr_line' id='line_1_5' title="bbox 80 435 1846 498; baseline -0.007 -9"><span class='ocrx_word' id='word_1_29' title='bbox 80 447 192 488; x_wconf 90' lang='lat' dir='ltr'>duae</span> <span class='ocrx_word' id='word_1_30' title='bbox 223 450 374 498; x_wconf 83' lang='lat' dir='ltr'>partes</span> <span class='ocrx_word' id='word_1_31' title='bbox 405 445 522 486; x_wconf 88' lang='lat' dir='ltr'>inter</span> <span class='ocrx_word' id='word_1_32' title='bbox 553 455 598 485; x_wconf 89' lang='lat' dir='ltr'>se</span> <span class='ocrx_word' id='word_1_33' title='bbox 630 442 887 485; x_wconf 89' lang='lat' dir='ltr'>coniunctae</span> <span class='ocrx_word' id='word_1_34' title='bbox 918 446 1030 493; x_wconf 82' lang='lat' dir='ltr'>sunt,</span> <span class='ocrx_word' id='word_1_35' title='bbox 1062 447 1112 483; x_wconf 89' lang='lat' dir='ltr'>ut</span> <span class='ocrx_word' id='word_1_36' title='bbox 1144 452 1246 492; x_wconf 89' lang='lat' dir='ltr'>pars</span> <span class='ocrx_word' id='word_1_37' title='bbox 1278 438 1493 492; x_wconf 76' lang='lat' dir='ltr'>posterior</span> <span class='ocrx_word' id='word_1_38' title='bbox 1520 436 1754 479; x_wconf 81' lang='lat' dir='ltr'>affirmatio</span> <span class='ocrx_word' id='word_1_39' title='bbox 1786 435 1846 477; x_wconf 90' lang='lat' dir='ltr'>sit</span> 
     </span>
     <span class='ocr_line' id='line_1_6' title="bbox 79 504 1844 566; baseline -0.006 -10"><span class='ocrx_word' id='word_1_40' title='bbox 79 514 222 566; x_wconf 89' lang='lat' dir='ltr'>partis</span> <span class='ocrx_word' id='word_1_41' title='bbox 252 513 410 566; x_wconf 88' lang='lat' dir='ltr'>prioris</span> <span class='ocrx_word' id='word_1_42' title='bbox 441 511 683 565; x_wconf 84' lang='lat' dir='ltr'>gravioris:</span> <span class='ocrx_word' id='word_1_43' title='bbox 723 510 903 562; x_wconf 88' lang='lat' dir='ltr'>primum</span> <span class='ocrx_word' id='word_1_44' title='bbox 937 509 1051 551; x_wconf 87' lang='lat' dir='ltr'>enim</span> <span class='ocrx_word' id='word_1_45' title='bbox 1083 508 1273 550; x_wconf 78' lang='lat' dir='ltr'>Graecos</span> <span class='ocrx_word' id='word_1_46' title='bbox 1307 511 1408 549; x_wconf 88' lang='lat' dir='ltr'>ante</span> <span class='ocrx_word' id='word_1_47' title='bbox 1451 507 1610 547; x_wconf 88' lang='lat' dir='ltr'>bellum</span> <span class='ocrx_word' id='word_1_48' title='bbox 1644 504 1844 546; x_wconf 81' lang='lat' dir='ltr'><strong>Troicum</strong></span> 
     </span>
     <span class='ocr_line' id='line_1_7' title="bbox 79 576 1845 634; baseline -0.007 -10"><span class='ocrx_word' id='word_1_49' title='bbox 79 594 185 634; x_wconf 91' lang='lat' dir='ltr'>opus</span> <span class='ocrx_word' id='word_1_50' title='bbox 217 593 436 624; x_wconf 89' lang='lat' dir='ltr'>commune</span> <span class='ocrx_word' id='word_1_51' title='bbox 467 591 550 621; x_wconf 91' lang='lat' dir='ltr'>non</span> <span class='ocrx_word' id='word_1_52' title='bbox 583 578 818 632; x_wconf 81' lang='lat' dir='ltr'>peregisse,</span> <span class='ocrx_word' id='word_1_53' title='bbox 851 577 1008 619; x_wconf 87' lang='lat' dir='ltr'>deinde</span> <span class='ocrx_word' id='word_1_54' title='bbox 1049 577 1103 618; x_wconf 85' lang='lat' dir='ltr'>iis</span> <span class='ocrx_word' id='word_1_55' title='bbox 1136 576 1268 617; x_wconf 90' lang='lat' dir='ltr'>etiam</span> <span class='ocrx_word' id='word_1_56' title='bbox 1311 586 1462 616; x_wconf 91' lang='lat' dir='ltr'>nomen</span> <span class='ocrx_word' id='word_1_57' title='bbox 1509 585 1730 615; x_wconf 88' lang='lat' dir='ltr'>commune</span> <span class='ocrx_word' id='word_1_58' title='bbox 1762 584 1845 613; x_wconf 90' lang='lat' dir='ltr'>non</span> 
     </span>
     <span class='ocr_line' id='line_1_8' title="bbox 78 640 1847 702; baseline -0.007 -10"><span class='ocrx_word' id='word_1_59' title='bbox 78 649 215 692; x_wconf 88' lang='lat' dir='ltr'>fuisse</span> <span class='ocrx_word' id='word_1_60' title='bbox 247 648 524 702; x_wconf 81' lang='lat' dir='ltr'>Thucydides</span> <span class='ocrx_word' id='word_1_61' title='bbox 557 647 676 689; x_wconf 88' lang='lat' dir='ltr'>dicit.</span> <span class='ocrx_word' id='word_1_62' title='bbox 750 646 810 687; x_wconf 82' lang='lat' dir='ltr'>Et</span> <span class='ocrx_word' id='word_1_63' title='bbox 839 658 886 687; x_wconf 92' lang='lat' dir='ltr'>eo</span> <span class='ocrx_word' id='word_1_64' title='bbox 919 656 1087 697; x_wconf 88' lang='lat' dir='ltr'>quoque</span> <span class='ocrx_word' id='word_1_65' title='bbox 1121 644 1330 685; x_wconf 80' lang='lat' dir='ltr'>differunt</span> <span class='ocrx_word' id='word_1_66' title='bbox 1362 643 1474 684; x_wconf 87' lang='lat' dir='ltr'>duae</span> <span class='ocrx_word' id='word_1_67' title='bbox 1507 640 1766 691; x_wconf 74' lang='lat' dir='ltr'>sententiae,</span> <span class='ocrx_word' id='word_1_68' title='bbox 1797 642 1847 681; x_wconf 91' lang='lat' dir='ltr'>ut</span> 
     </span>
     <span class='ocr_line' id='line_1_9' title="bbox 78 707 1847 770; baseline -0.007 -10"><span class='ocrx_word' id='word_1_69' title='bbox 78 718 220 770; x_wconf 88' lang='lat' dir='ltr'>prima</span> <span class='ocrx_word' id='word_1_70' title='bbox 250 730 340 759; x_wconf 90' lang='lat' dir='ltr'>rem</span> <span class='ocrx_word' id='word_1_71' title='bbox 371 717 488 759; x_wconf 89' lang='lat' dir='ltr'>inter</span> <span class='ocrx_word' id='word_1_72' title='bbox 519 727 664 757; x_wconf 85' lang='lat' dir='ltr'>omnes</span> <span class='ocrx_word' id='word_1_73' title='bbox 696 718 872 767; x_wconf 91' lang='lat' dir='ltr'>certam,</span> <span class='ocrx_word' id='word_1_74' title='bbox 905 714 1096 755; x_wconf 89' lang='lat' dir='ltr'>secunda</span> <span class='ocrx_word' id='word_1_75' title='bbox 1128 711 1266 764; x_wconf 88' lang='lat' dir='ltr'>ipsius</span> <span class='ocrx_word' id='word_1_76' title='bbox 1291 707 1483 753; x_wconf 81' lang='lat' dir='ltr'>auctoris</span> <span class='ocrx_word' id='word_1_77' title='bbox 1506 709 1725 762; x_wconf 83' lang='lat' dir='ltr'>propriam</span> <span class='ocrx_word' id='word_1_78' title='bbox 1757 707 1847 759; x_wconf 90' lang='lat' dir='ltr'>opi-</span> 
     </span>
     <span class='ocr_line' id='line_1_10' title="bbox 79 776 1847 836; baseline -0.007 -8"><span class='ocrx_word' id='word_1_79' title='bbox 79 786 250 828; x_wconf 90' lang='lat' dir='ltr'>nionem</span> <span class='ocrx_word' id='word_1_80' title='bbox 281 784 516 835; x_wconf 88' lang='lat' dir='ltr'>contineat,</span> <span class='ocrx_word' id='word_1_81' title='bbox 548 783 592 825; x_wconf 89' lang='lat' dir='ltr'>id</span> <span class='ocrx_word' id='word_1_82' title='bbox 625 784 736 835; x_wconf 88' lang='lat' dir='ltr'>quod</span> <span class='ocrx_word' id='word_1_83' title='bbox 768 781 915 825; x_wconf 87' lang='lat' dir='ltr'>verbis</span> <span class='ocrx_word' id='word_1_84' title='bbox 942 782 1141 836; x_wconf 80' lang='grc' dir='ltr'><strong><em>φαίνεται</em></strong></span> <span class='ocrx_word' id='word_1_85' title='bbox 1172 785 1214 822; x_wconf 89' lang='lat' dir='ltr'>et</span> <span class='ocrx_word' id='word_1_86' title='bbox 1239 781 1355 819; x_wconf 72' lang='grc' dir='ltr'><em>ὁοκεῐ</em></span> <span class='ocrx_word' id='word_1_87' title='bbox 1375 792 1450 830; x_wconf 82' lang='grc' dir='ltr'>μοι</span> <span class='ocrx_word' id='word_1_88' title='bbox 1472 776 1847 822; x_wconf 81' lang='grc'>116111011311·31111·-’).</span> 
     </span>
     <span class='ocr_line' id='line_1_11' title="bbox 79 843 1847 904; baseline -0.007 -7"><span class='ocrx_word' id='word_1_89' title='bbox 79 854 426 897; x_wconf 78' lang='lat' dir='ltr'>Consentaneum</span> <span class='ocrx_word' id='word_1_90' title='bbox 458 852 595 904; x_wconf 84' lang='lat' dir='ltr'>igitur</span> <span class='ocrx_word' id='word_1_91' title='bbox 636 856 704 893; x_wconf 91' lang='grc'>631</span> <span class='ocrx_word' id='word_1_92' title='bbox 741 856 959 893; x_wconf 82' lang='lat' dir='ltr'>auctorem</span> <span class='ocrx_word' id='word_1_93' title='bbox 994 850 1227 891; x_wconf 88' lang='lat' dir='ltr'>secundam</span> <span class='ocrx_word' id='word_1_94' title='bbox 1269 852 1439 899; x_wconf 86' lang='lat' dir='ltr'>partem</span> <span class='ocrx_word' id='word_1_95' title='bbox 1485 846 1671 898; x_wconf 83' lang='lat' dir='ltr'>amplius</span> <span class='ocrx_word' id='word_1_96' title='bbox 1712 843 1847 896; x_wconf 84' lang='lat' dir='ltr'>expli-</span> 
     </span>
     <span class='ocr_line' id='line_1_12' title="bbox 79 913 1848 975; baseline -0.007 -10"><span class='ocrx_word' id='word_1_97' title='bbox 79 935 178 965; x_wconf 88' lang='lat' dir='ltr'>care</span> <span class='ocrx_word' id='word_1_98' title='bbox 210 928 256 964; x_wconf 91' lang='lat' dir='ltr'>et</span> <span class='ocrx_word' id='word_1_99' title='bbox 285 923 469 975; x_wconf 87' lang='lat' dir='ltr'>probare</span> <span class='ocrx_word' id='word_1_100' title='bbox 501 921 580 962; x_wconf 91' lang='lat' dir='ltr'>hoc</span> <span class='ocrx_word' id='word_1_101' title='bbox 612 921 754 961; x_wconf 88' lang='lat' dir='ltr'>modo:</span> <span class='ocrx_word' id='word_1_102' title='bbox 794 923 1021 971; x_wconf 81' lang='lat' dir='ltr'>postquam</span> <span class='ocrx_word' id='word_1_103' title='bbox 1057 929 1177 959; x_wconf 89' lang='lat' dir='ltr'>suam</span> <span class='ocrx_word' id='word_1_104' title='bbox 1211 914 1489 968; x_wconf 87' lang='lat' dir='ltr'>sententiam,</span> <span class='ocrx_word' id='word_1_105' title='bbox 1531 927 1615 966; x_wconf 84' lang='lat' dir='ltr'>qua</span> <span class='ocrx_word' id='word_1_106' title='bbox 1658 913 1848 955; x_wconf 84' lang='lat' dir='ltr'>Graecos</span> 
     </span>
     <span class='ocr_line' id='line_1_13' title="bbox 79 978 1851 1037; baseline -0.008 -4"><span class='ocrx_word' id='word_1_107' title='bbox 79 1003 298 1033; x_wconf 90' lang='lat' dir='ltr'>commune</span> <span class='ocrx_word' id='word_1_108' title='bbox 331 1001 483 1031; x_wconf 89' lang='lat' dir='ltr'>nomen</span> <span class='ocrx_word' id='word_1_109' title='bbox 514 989 702 1030; x_wconf 90' lang='lat' dir='ltr'>nondum</span> <span class='ocrx_word' id='word_1_110' title='bbox 722 986 930 1029; x_wconf 88' lang='lat' dir='ltr'>habuisse</span> <span class='ocrx_word' id='word_1_111' title='bbox 962 985 1081 1037; x_wconf 87' lang='lat' dir='ltr'>dicit,</span> <span class='ocrx_word' id='word_1_112' title='bbox 1112 985 1246 1027; x_wconf 87' lang='lat' dir='ltr'>verbo</span> <span class='ocrx_word' id='word_1_113' title='bbox 1268 983 1392 1025; x_wconf 85' lang='lat' dir='ltr'>finito</span> <span class='ocrx_word' id='word_1_114' title='bbox 1424 978 1535 1032; x_wconf 72' lang='grc' dir='ltr'>εἶχεν</span> <span class='ocrx_word' id='word_1_115' title='bbox 1566 982 1714 1023; x_wconf 88' lang='lat' dir='ltr'>verbis</span> <span class='ocrx_word' id='word_1_116' title='bbox 1736 981 1851 1020; x_wconf 76' lang='grc' dir='ltr'><em>δοκεῖ</em></span> 
     </span>
     <span class='ocr_line' id='line_1_14' title="bbox 79 1048 1852 1111; baseline -0.007 -10"><span class='ocrx_word' id='word_1_117' title='bbox 79 1057 127 1099; x_wconf 82' lang='grc' dir='ltr'>δέ</span> <span class='ocrx_word' id='word_1_118' title='bbox 141 1073 216 1111; x_wconf 87' lang='grc' dir='ltr'>μοι</span> <span class='ocrx_word' id='word_1_119' title='bbox 243 1056 527 1110; x_wconf 77' lang='lat' dir='ltr'>coordinavit,</span> <span class='ocrx_word' id='word_1_120' title='bbox 554 1056 789 1108; x_wconf 84' lang='lat' dir='ltr'>longiorem</span> <span class='ocrx_word' id='word_1_121' title='bbox 818 1053 1152 1106; x_wconf 78' lang='lat' dir='ltr'>explicationem</span> <span class='ocrx_word' id='word_1_122' title='bbox 1177 1065 1303 1105; x_wconf 89' lang='lat' dir='ltr'>quam</span> <span class='ocrx_word' id='word_1_123' title='bbox 1329 1052 1455 1093; x_wconf 82' lang='lat' dir='ltr'>addit</span> <span class='ocrx_word' id='word_1_124' title='bbox 1479 1051 1545 1092; x_wconf 90' lang='lat' dir='ltr'>his</span> <span class='ocrx_word' id='word_1_125' title='bbox 1562 1049 1711 1091; x_wconf 75' lang='lat' dir='ltr'>verbis</span> <span class='ocrx_word' id='word_1_126' title='bbox 1736 1048 1852 1089; x_wconf 70' lang='grc' dir='ltr'><em>δοκεῖ</em></span> 
     </span>
     <span class='ocr_line' id='line_1_15' title="bbox 78 1117 1849 1179; baseline -0.005 -12"><span class='ocrx_word' id='word_1_127' title='bbox 78 1126 126 1167; x_wconf 78' lang='grc' dir='ltr'>δέ</span> <span class='ocrx_word' id='word_1_128' title='bbox 154 1142 227 1179; x_wconf 84' lang='grc' dir='ltr'>μοι</span> <span class='ocrx_word' id='word_1_129' title='bbox 260 1126 478 1168; x_wconf 89' lang='lat' dir='ltr'>infinitivo</span> <span class='ocrx_word' id='word_1_130' title='bbox 509 1124 750 1177; x_wconf 85' lang='lat' dir='ltr'>subiungit,</span> <span class='ocrx_word' id='word_1_131' title='bbox 782 1136 868 1176; x_wconf 88' lang='lat' dir='ltr'>qua</span> <span class='ocrx_word' id='word_1_132' title='bbox 899 1122 1104 1174; x_wconf 83' lang='lat' dir='ltr'>explicat,</span> <span class='ocrx_word' id='word_1_133' title='bbox 1147 1121 1355 1172; x_wconf 87' lang='lat' dir='ltr'>quomodo</span> <span class='ocrx_word' id='word_1_134' title='bbox 1388 1119 1622 1161; x_wconf 82' lang='lat' dir='ltr'>communis</span> <span class='ocrx_word' id='word_1_135' title='bbox 1663 1117 1849 1160; x_wconf 87' lang='lat' dir='ltr'>nominis</span> 
     </span>
     <span class='ocr_line' id='line_1_16' title="bbox 78 1186 1850 1243; baseline -0.007 -5"><span class='ocrx_word' id='word_1_136' title='bbox 78 1200 200 1238; x_wconf 89' lang='lat' dir='ltr'>ortus</span> <span class='ocrx_word' id='word_1_137' title='bbox 232 1195 378 1237; x_wconf 88' lang='lat' dir='ltr'>factus</span> <span class='ocrx_word' id='word_1_138' title='bbox 412 1206 508 1236; x_wconf 87' lang='lat' dir='ltr'>esse</span> <span class='ocrx_word' id='word_1_139' title='bbox 550 1193 634 1235; x_wconf 90' lang='lat' dir='ltr'>sibi</span> <span class='ocrx_word' id='word_1_140' title='bbox 675 1192 901 1243; x_wconf 79' lang='lat' dir='ltr'>Videatur3</span> <span class='ocrx_word' id='word_1_141' title='bbox 943 1203 1028 1242; x_wconf 84' lang='lat' dir='ltr'>qua</span> <span class='ocrx_word' id='word_1_142' title='bbox 1069 1191 1114 1232; x_wconf 92' lang='lat' dir='ltr'>in</span> <span class='ocrx_word' id='word_1_143' title='bbox 1156 1190 1419 1232; x_wconf 84' lang='lat' dir='ltr'>Graecorum</span> <span class='ocrx_word' id='word_1_144' title='bbox 1463 1187 1647 1229; x_wconf 87' lang='lat' dir='ltr'>nominis</span> <span class='ocrx_word' id='word_1_145' title='bbox 1682 1186 1850 1238; x_wconf 84' lang='lat' dir='ltr'>origine</span> 
     </span>
     <span class='ocr_line' id='line_1_17' title="bbox 80 1256 1850 1310; baseline -0.006 -4"><span class='ocrx_word' id='word_1_146' title='bbox 80 1264 368 1306; x_wconf 84' lang='lat' dir='ltr'>describenda</span> <span class='ocrx_word' id='word_1_147' title='bbox 402 1264 509 1304; x_wconf 87' lang='lat' dir='ltr'>duas</span> <span class='ocrx_word' id='word_1_148' title='bbox 534 1262 690 1303; x_wconf 89' lang='lat' dir='ltr'>iterum</span> <span class='ocrx_word' id='word_1_149' title='bbox 726 1259 914 1302; x_wconf 84' lang='lat' dir='ltr'>secernit</span> <span class='ocrx_word' id='word_1_150' title='bbox 937 1262 1120 1310; x_wconf 89' lang='lat' dir='ltr'>aetates,</span> <span class='ocrx_word' id='word_1_151' title='bbox 1152 1258 1335 1310; x_wconf 83' lang='lat' dir='ltr'>primam</span> <span class='ocrx_word' id='word_1_152' title='bbox 1370 1260 1473 1298; x_wconf 88' lang='lat' dir='ltr'>ante</span> <span class='ocrx_word' id='word_1_153' title='bbox 1504 1256 1742 1306; x_wconf 68' lang='lat' dir='ltr'>Helleiiem,</span> <span class='ocrx_word' id='word_1_154' title='bbox 1765 1267 1850 1306; x_wconf 84' lang='lat' dir='ltr'>qua</span> 
     </span>
     <span class='ocr_line' id='line_1_18' title="bbox 80 1323 1850 1384; baseline -0.006 -10"><span class='ocrx_word' id='word_1_155' title='bbox 80 1332 281 1384; x_wconf 80' lang='lat' dir='ltr'>singulae</span> <span class='ocrx_word' id='word_1_156' title='bbox 314 1331 490 1383; x_wconf 88' lang='lat' dir='ltr'>singula</span> <span class='ocrx_word' id='word_1_157' title='bbox 522 1329 695 1372; x_wconf 89' lang='lat' dir='ltr'>nomina</span> <span class='ocrx_word' id='word_1_158' title='bbox 728 1328 963 1370; x_wconf 86' lang='lat' dir='ltr'>habuerint</span> <span class='ocrx_word' id='word_1_159' title='bbox 996 1331 1163 1380; x_wconf 85' lang='lat' dir='ltr'>gentes,</span> <span class='ocrx_word' id='word_1_160' title='bbox 1196 1327 1381 1367; x_wconf 87' lang='lat' dir='ltr'>alteram</span> <span class='ocrx_word' id='word_1_161' title='bbox 1416 1324 1614 1366; x_wconf 88' lang='lat' dir='ltr'>Hellenis</span> <span class='ocrx_word' id='word_1_162' title='bbox 1646 1323 1850 1364; x_wconf 86' lang='lat' dir='ltr'>filiorum-</span> 
     </span>
     <span class='ocr_line' id='line_1_19' title="bbox 80 1390 1852 1452; baseline -0.008 -9"><span class='ocrx_word' id='word_1_163' title='bbox 80 1413 164 1452; x_wconf 89' lang='lat' dir='ltr'>que</span> <span class='ocrx_word' id='word_1_164' title='bbox 198 1405 403 1452; x_wconf 88' lang='lat' dir='ltr'>aetatem,</span> <span class='ocrx_word' id='word_1_165' title='bbox 434 1411 520 1451; x_wconf 90' lang='lat' dir='ltr'>qua</span> <span class='ocrx_word' id='word_1_166' title='bbox 551 1397 763 1440; x_wconf 88' lang='lat' dir='ltr'>societate</span> <span class='ocrx_word' id='word_1_167' title='bbox 796 1402 840 1438; x_wconf 92' lang='lat' dir='ltr'>et</span> <span class='ocrx_word' id='word_1_168' title='bbox 873 1409 953 1438; x_wconf 90' lang='lat' dir='ltr'>usu</span> <span class='ocrx_word' id='word_1_169' title='bbox 985 1396 1185 1448; x_wconf 87' lang='lat' dir='ltr'>singulae</span> <span class='ocrx_word' id='word_1_170' title='bbox 1216 1393 1432 1447; x_wconf 87' lang='lat' dir='ltr'>paulatim</span> <span class='ocrx_word' id='word_1_171' title='bbox 1468 1397 1623 1446; x_wconf 80' lang='lat' dir='ltr'>gentes</span> <span class='ocrx_word' id='word_1_172' title='bbox 1655 1390 1852 1444; x_wconf 65' lang='grc' dir='ltr'><em>Ἕλληνες</em></span> 
     </span>
     <span class='ocr_line' id='line_1_20' title="bbox 81 1459 1850 1521; baseline -0.006 -10"><span class='ocrx_word' id='word_1_173' title='bbox 81 1470 334 1521; x_wconf 86' lang='lat' dir='ltr'>appellatae</span> <span class='ocrx_word' id='word_1_174' title='bbox 367 1467 467 1510; x_wconf 91' lang='lat' dir='ltr'>sint.</span> <span class='ocrx_word' id='word_1_175' title='bbox 527 1467 635 1508; x_wconf 89' lang='lat' dir='ltr'>Tum</span> <span class='ocrx_word' id='word_1_176' title='bbox 670 1467 724 1508; x_wconf 92' lang='lat' dir='ltr'>ad</span> <span class='ocrx_word' id='word_1_177' title='bbox 756 1465 881 1507; x_wconf 89' lang='lat' dir='ltr'>verbi</span> <span class='ocrx_word' id='word_1_178' title='bbox 914 1464 1027 1506; x_wconf 92' lang='lat' dir='ltr'>finiti</span> <span class='ocrx_word' id='word_1_179' title='bbox 1061 1463 1425 1506; x_wconf 87' lang='lat' dir='ltr'>constructionem</span> <span class='ocrx_word' id='word_1_180' title='bbox 1470 1461 1582 1503; x_wconf 87' lang='lat' dir='ltr'>redit</span> <span class='ocrx_word' id='word_1_181' title='bbox 1628 1459 1850 1502; x_wconf 84' lang='lat' dir='ltr'>sententia</span> 
     </span>
     <span class='ocr_line' id='line_1_21' title="bbox 81 1528 1847 1589; baseline -0.005 -12"><span class='ocrx_word' id='word_1_182' title='bbox 81 1536 129 1577; x_wconf 75' lang='grc' dir='ltr'>οὗ</span> <span class='ocrx_word' id='word_1_183' title='bbox 170 1539 313 1589; x_wconf 85' lang='grc' dir='ltr'><em>μέντοι</em></span> <span class='ocrx_word' id='word_1_184' title='bbox 350 1535 511 1576; x_wconf 80' lang='grc' dir='ltr'><em>πολλοῦ</em></span> <span class='ocrx_word' id='word_1_185' title='bbox 543 1548 588 1588; x_wconf 76' lang='grc' dir='ltr'>γε</span> <span class='ocrx_word' id='word_1_186' title='bbox 619 1532 773 1588; x_wconf 84' lang='grc' dir='ltr'><em>χρόνου</em></span> <span class='ocrx_word' id='word_1_187' title='bbox 807 1530 979 1574; x_wconf 78' lang='grc' dir='ltr'><strong><em>ἐδύνατο</em></strong></span> <span class='ocrx_word' id='word_1_188' title='bbox 1017 1531 1088 1572; x_wconf 85' lang='grc' dir='ltr'>καὶ</span> <span class='ocrx_word' id='word_1_189' title='bbox 1120 1531 1284 1571; x_wconf 78' lang='grc' dir='ltr'><em>ἅπασιν</em></span> <span class='ocrx_word' id='word_1_190' title='bbox 1316 1529 1542 1585; x_wconf 72' lang='grc' dir='ltr'><em>ἐκνικῆσαι,</em></span> <span class='ocrx_word' id='word_1_191' title='bbox 1585 1529 1708 1571; x_wconf 85' lang='lat' dir='ltr'>cuius</span> <span class='ocrx_word' id='word_1_192' title='bbox 1749 1528 1847 1569; x_wconf 84' lang='lat' dir='ltr'>sub-</span> 
     </span>
     <span class='ocr_line' id='line_1_22' title="bbox 80 1597 1850 1654; baseline -0.007 -5"><span class='ocrx_word' id='word_1_193' title='bbox 80 1607 241 1649; x_wconf 89' lang='lat' dir='ltr'>iectum</span> <span class='ocrx_word' id='word_1_194' title='bbox 272 1607 344 1647; x_wconf 85' lang='lat' dir='ltr'>vel</span> <span class='ocrx_word' id='word_1_195' title='bbox 372 1617 464 1646; x_wconf 91' lang='lat' dir='ltr'>cum</span> <span class='ocrx_word' id='word_1_196' title='bbox 499 1603 674 1646; x_wconf 79' lang='lat' dir='ltr'>scholiis</span> <span class='ocrx_word' id='word_1_197' title='bbox 705 1602 889 1654; x_wconf 78' lang='grc' dir='ltr'><em>τοῦνομα</em></span> <span class='ocrx_word' id='word_1_198' title='bbox 927 1608 1051 1642; x_wconf 81' lang='grc' dir='ltr'>τοῦτο</span> <span class='ocrx_word' id='word_1_199' title='bbox 1095 1602 1164 1642; x_wconf 80' lang='lat' dir='ltr'>vel</span> <span class='ocrx_word' id='word_1_200' title='bbox 1209 1613 1300 1642; x_wconf 91' lang='lat' dir='ltr'>cum</span> <span class='ocrx_word' id='word_1_201' title='bbox 1335 1599 1535 1651; x_wconf 78' lang='lat' dir='ltr'>Krugero</span> <span class='ocrx_word' id='word_1_202' title='bbox 1567 1602 1610 1639; x_wconf 92' lang='lat' dir='ltr'>et</span> <span class='ocrx_word' id='word_1_203' title='bbox 1644 1597 1850 1639; x_wconf 70' lang='lat' dir='ltr'>Classeuo</span> 
     </span>
     <span class='ocr_line' id='line_1_23' title="bbox 79 1665 1851 1726; baseline -0.005 -12"><span class='ocrx_word' id='word_1_204' title='bbox 79 1674 127 1715; x_wconf 85' lang='grc' dir='ltr'>τὸ</span> <span class='ocrx_word' id='word_1_205' title='bbox 160 1673 391 1714; x_wconf 71' lang='grc' dir='ltr'><strong><em>καλεῖσθαι</em></strong></span> <span class='ocrx_word' id='word_1_206' title='bbox 413 1671 617 1726; x_wconf 80' lang='grc' dir='ltr'><em>Ἕλληνας</em></span> <span class='ocrx_word' id='word_1_207' title='bbox 646 1672 776 1714; x_wconf 84' lang='lat' dir='ltr'>facile</span> <span class='ocrx_word' id='word_1_208' title='bbox 819 1670 1054 1723; x_wconf 89' lang='lat' dir='ltr'>supplebis.</span> <span class='ocrx_word' id='word_1_209' title='bbox 1126 1669 1210 1711; x_wconf 86' lang='lat' dir='ltr'>Sed</span> <span class='ocrx_word' id='word_1_210' title='bbox 1251 1670 1364 1710; x_wconf 90' lang='lat' dir='ltr'>hanc</span> <span class='ocrx_word' id='word_1_211' title='bbox 1405 1667 1667 1709; x_wconf 87' lang='lat' dir='ltr'>sententiam</span> <span class='ocrx_word' id='word_1_212' title='bbox 1709 1665 1851 1706; x_wconf 85' lang='lat' dir='ltr'>infini-</span> 
     </span>
     <span class='ocr_line' id='line_1_24' title="bbox 80 1733 1851 1792; baseline -0.006 -7"><span class='ocrx_word' id='word_1_213' title='bbox 80 1743 188 1786; x_wconf 89' lang='lat' dir='ltr'>tivis</span> <span class='ocrx_word' id='word_1_214' title='bbox 220 1741 583 1784; x_wconf 87' lang='lat' dir='ltr'>antecedentibus</span> <span class='ocrx_word' id='word_1_215' title='bbox 615 1752 762 1792; x_wconf 90' lang='lat' dir='ltr'>parem</span> <span class='ocrx_word' id='word_1_216' title='bbox 797 1743 1005 1791; x_wconf 83' lang='lat' dir='ltr'>ponentes</span> <span class='ocrx_word' id='word_1_217' title='bbox 1036 1763 1091 1766; x_wconf 97' lang='lat'><strong>—</strong></span> <span class='ocrx_word' id='word_1_218' title='bbox 1124 1750 1208 1779; x_wconf 79' lang='lat' dir='ltr'>van</span> <span class='ocrx_word' id='word_1_219' title='bbox 1252 1738 1331 1778; x_wconf 83' lang='lat' dir='ltr'>der</span> <span class='ocrx_word' id='word_1_220' title='bbox 1362 1737 1463 1790; x_wconf 80' lang='lat' dir='ltr'>Mey</span> <span class='ocrx_word' id='word_1_221' title='bbox 1502 1733 1674 1775; x_wconf 72' lang='grc' dir='ltr'>ἐδύνατο</span> <span class='ocrx_word' id='word_1_222' title='bbox 1708 1735 1851 1775; x_wconf 82' lang='lat' dir='ltr'>delere</span> 
     </span>
     <span class='ocr_line' id='line_1_25' title="bbox 79 1803 1851 1855; baseline -0.006 -1"><span class='ocrx_word' id='word_1_223' title='bbox 79 1811 219 1854; x_wconf 82' lang='lat' dir='ltr'>voluit</span> <span class='ocrx_word' id='word_1_224' title='bbox 242 1835 296 1840; x_wconf 87' lang='lat'>—-</span> <span class='ocrx_word' id='word_1_225' title='bbox 318 1810 508 1852; x_wconf 89' lang='lat' dir='ltr'>editores</span> <span class='ocrx_word' id='word_1_226' title='bbox 540 1821 621 1851; x_wconf 92' lang='lat' dir='ltr'>non</span> <span class='ocrx_word' id='word_1_227' title='bbox 645 1813 764 1850; x_wconf 88' lang='lat' dir='ltr'>recte</span> <span class='ocrx_word' id='word_1_228' title='bbox 787 1806 944 1849; x_wconf 89' lang='lat' dir='ltr'>fecisse</span> <span class='ocrx_word' id='word_1_229' title='bbox 976 1806 1079 1848; x_wconf 89' lang='lat' dir='ltr'>mihi</span> <span class='ocrx_word' id='word_1_230' title='bbox 1114 1806 1333 1847; x_wconf 78' lang='lat' dir='ltr'>videntur.</span> <span class='ocrx_word' id='word_1_231' title='bbox 1398 1805 1503 1845; x_wconf 78' lang='lat' dir='ltr'>Nam</span> <span class='ocrx_word' id='word_1_232' title='bbox 1527 1804 1563 1845; x_wconf 91' lang='lat' dir='ltr'>si</span> <span class='ocrx_word' id='word_1_233' title='bbox 1587 1808 1685 1855; x_wconf 87' lang='lat' dir='ltr'>post</span> <span class='ocrx_word' id='word_1_234' title='bbox 1716 1803 1851 1843; x_wconf 76' lang='lat' dir='ltr'>verba</span> 
     </span>
     <span class='ocr_line' id='line_1_26' title="bbox 80 1871 1851 1931; baseline -0.005 -11"><span class='ocrx_word' id='word_1_235' title='bbox 80 1877 386 1926; x_wconf 69' lang='grc' dir='ltr'>καθ’ἑκάστους</span> <span class='ocrx_word' id='word_1_236' title='bbox 417 1876 491 1930; x_wconf 76' lang='grc' dir='ltr'>μὲν</span> <span class='ocrx_word' id='word_1_237' title='bbox 525 1876 599 1931; x_wconf 73' lang='grc' dir='ltr'>ἤδη</span> <span class='ocrx_word' id='word_1_238' title='bbox 631 1883 680 1930; x_wconf 79' lang='grc' dir='ltr'>τῇ</span> <span class='ocrx_word' id='word_1_239' title='bbox 714 1872 860 1929; x_wconf 78' lang='grc' dir='ltr'><em>ὁμιλίᾳ</em></span> <span class='ocrx_word' id='word_1_240' title='bbox 901 1874 1061 1927; x_wconf 78' lang='grc' dir='ltr'><em>μᾶλλον</em></span> <span class='ocrx_word' id='word_1_241' title='bbox 1092 1873 1322 1914; x_wconf 69' lang='grc' dir='ltr'><em>καλεῖσθαι</em></span> <span class='ocrx_word' id='word_1_242' title='bbox 1353 1871 1557 1926; x_wconf 62' lang='grc' dir='ltr'>(Έλληνας</span> <span class='ocrx_word' id='word_1_243' title='bbox 1596 1873 1744 1913; x_wconf 83' lang='grc'>63116111</span> <span class='ocrx_word' id='word_1_244' title='bbox 1778 1883 1851 1911; x_wconf 78' lang='lat' dir='ltr'>ex-</span> 
     </span>
     <span class='ocr_line' id='line_1_27' title="bbox 82 1940 1851 2000; baseline -0.006 -11"><span class='ocrx_word' id='word_1_245' title='bbox 82 1947 294 2000; x_wconf 86' lang='lat' dir='ltr'>positione</span> <span class='ocrx_word' id='word_1_246' title='bbox 327 1957 508 1998; x_wconf 88' lang='lat' dir='ltr'>pergere</span> <span class='ocrx_word' id='word_1_247' title='bbox 539 1946 675 1986; x_wconf 84' lang='lat' dir='ltr'>vellet</span> <span class='ocrx_word' id='word_1_248' title='bbox 709 1947 872 1994; x_wconf 90' lang='lat' dir='ltr'>auctor,</span> <span class='ocrx_word' id='word_1_249' title='bbox 905 1943 1123 1984; x_wconf 86' lang='lat' dir='ltr'>infinitivo</span> <span class='ocrx_word' id='word_1_250' title='bbox 1165 1947 1370 1994; x_wconf 81' lang='lat' dir='ltr'>pergeret</span> <span class='ocrx_word' id='word_1_251' title='bbox 1413 1946 1455 1982; x_wconf 85' lang='lat' dir='ltr'>et</span> <span class='ocrx_word' id='word_1_252' title='bbox 1499 1940 1744 1992; x_wconf 84' lang='lat' dir='ltr'>particulae</span> <span class='ocrx_word' id='word_1_253' title='bbox 1776 1942 1851 1990; x_wconf 78' lang='grc' dir='ltr'>μέν</span> 
     </span>
     <span class='ocr_line' id='line_1_28' title="bbox 80 2007 1851 2068; baseline -0.006 -11"><span class='ocrx_word' id='word_1_254' title='bbox 80 2016 365 2068; x_wconf 88' lang='lat' dir='ltr'>responderet</span> <span class='ocrx_word' id='word_1_255' title='bbox 398 2013 454 2063; x_wconf 76' lang='grc' dir='ltr'>δέ,</span> <span class='ocrx_word' id='word_1_256' title='bbox 485 2014 597 2065; x_wconf 86' lang='lat' dir='ltr'>quod</span> <span class='ocrx_word' id='word_1_257' title='bbox 631 2014 764 2054; x_wconf 87' lang='lat' dir='ltr'>deest.</span> <span class='ocrx_word' id='word_1_258' title='bbox 826 2014 928 2052; x_wconf 65' lang='lat' dir='ltr'>Cum</span> <span class='ocrx_word' id='word_1_259' title='bbox 961 2023 1064 2052; x_wconf 85' lang='lat' dir='ltr'>vero</span> <span class='ocrx_word' id='word_1_260' title='bbox 1087 2010 1407 2062; x_wconf 84' lang='lat' dir='ltr'>responsionem</span> <span class='ocrx_word' id='word_1_261' title='bbox 1431 2009 1609 2050; x_wconf 88' lang='lat' dir='ltr'>omittat</span> <span class='ocrx_word' id='word_1_262' title='bbox 1641 2014 1685 2049; x_wconf 93' lang='lat' dir='ltr'>et</span> <span class='ocrx_word' id='word_1_263' title='bbox 1720 2007 1851 2048; x_wconf 82' lang='lat' dir='ltr'>verbo</span> 
     </span>
     <span class='ocr_line' id='line_1_29' title="bbox 81 2077 1850 2135; baseline -0.006 -9"><span class='ocrx_word' id='word_1_264' title='bbox 81 2084 203 2126; x_wconf 91' lang='lat' dir='ltr'>finito</span> <span class='ocrx_word' id='word_1_265' title='bbox 244 2087 412 2135; x_wconf 75' lang='lat' dir='ltr'>pergat,</span> <span class='ocrx_word' id='word_1_266' title='bbox 454 2082 547 2134; x_wconf 89' lang='lat' dir='ltr'>ipse</span> <span class='ocrx_word' id='word_1_267' title='bbox 579 2093 701 2123; x_wconf 91' lang='lat' dir='ltr'>suum</span> <span class='ocrx_word' id='word_1_268' title='bbox 734 2079 1052 2125; x_wconf 86' lang='lat' dir='ltr'>sententiarum</span> <span class='ocrx_word' id='word_1_269' title='bbox 1086 2079 1201 2120; x_wconf 88' lang='lat' dir='ltr'>filum</span> <span class='ocrx_word' id='word_1_270' title='bbox 1238 2077 1519 2129; x_wconf 76' lang='grc'>1111611111111111</span> <span class='ocrx_word' id='word_1_271' title='bbox 1561 2082 1604 2118; x_wconf 86' lang='grc'>61</span> <span class='ocrx_word' id='word_1_272' title='bbox 1647 2088 1721 2128; x_wconf 89' lang='lat' dir='ltr'>pro</span> <span class='ocrx_word' id='word_1_273' title='bbox 1755 2088 1850 2116; x_wconf 80' lang='lat' dir='ltr'>con-</span> 
     </span>
     <span class='ocr_line' id='line_1_30' title="bbox 81 2145 1850 2204; baseline -0.006 -10"><span class='ocrx_word' id='word_1_274' title='bbox 81 2152 274 2204; x_wconf 85' lang='lat' dir='ltr'>iecturis,</span> <span class='ocrx_word' id='word_1_275' title='bbox 305 2151 462 2202; x_wconf 86' lang='lat' dir='ltr'>quibus</span> <span class='ocrx_word' id='word_1_276' title='bbox 494 2151 701 2201; x_wconf 88' lang='lat' dir='ltr'>quomodo</span> <span class='ocrx_word' id='word_1_277' title='bbox 734 2148 995 2190; x_wconf 85' lang='lat' dir='ltr'>Graecorum</span> <span class='ocrx_word' id='word_1_278' title='bbox 1029 2160 1180 2189; x_wconf 89' lang='lat' dir='ltr'>nomen</span> <span class='ocrx_word' id='word_1_279' title='bbox 1215 2145 1440 2188; x_wconf 85' lang='lat' dir='ltr'>exstiterit</span> <span class='ocrx_word' id='word_1_280' title='bbox 1473 2153 1637 2186; x_wconf 89' lang='lat' dir='ltr'>narrat.</span> <span class='ocrx_word' id='word_1_281' title='bbox 1668 2156 1755 2185; x_wconf 85' lang='lat' dir='ltr'>rem</span> <span class='ocrx_word' id='word_1_282' title='bbox 1799 2155 1850 2184; x_wconf 83' lang='lat' dir='ltr'>ex</span> 
     </span>
     <span class='ocr_line' id='line_1_31' title="bbox 81 2212 1852 2267; baseline -0.005 -6"><span class='ocrx_word' id='word_1_283' title='bbox 81 2220 386 2262; x_wconf 88' lang='lat' dir='ltr'>observatione</span> <span class='ocrx_word' id='word_1_284' title='bbox 432 2231 574 2260; x_wconf 89' lang='lat' dir='ltr'>rerum</span> <span class='ocrx_word' id='word_1_285' title='bbox 621 2218 852 2259; x_wconf 84' lang='lat' dir='ltr'>memoriae</span> <span class='ocrx_word' id='word_1_286' title='bbox 897 2217 1160 2259; x_wconf 86' lang='lat' dir='ltr'>traditarum</span> <span class='ocrx_word' id='word_1_287' title='bbox 1204 2216 1470 2267; x_wconf 86' lang='lat' dir='ltr'>probandam</span> <span class='ocrx_word' id='word_1_288' title='bbox 1514 2212 1735 2265; x_wconf 85' lang='lat' dir='ltr'>proponit:</span> <span class='ocrx_word' id='word_1_289' title='bbox 1775 2224 1852 2264; x_wconf 90' lang='lat' dir='ltr'>per</span> 
     </span>
     <span class='ocr_line' id='line_1_32' title="bbox 79 2283 1850 2341; baseline -0.005 -12"><span class='ocrx_word' id='word_1_290' title='bbox 79 2289 254 2341; x_wconf 87' lang='lat' dir='ltr'>longum</span> <span class='ocrx_word' id='word_1_291' title='bbox 287 2296 457 2339; x_wconf 87' lang='lat' dir='ltr'>tempus</span> <span class='ocrx_word' id='word_1_292' title='bbox 491 2298 642 2328; x_wconf 92' lang='lat' dir='ltr'>nomen</span> <span class='ocrx_word' id='word_1_293' title='bbox 675 2298 893 2328; x_wconf 89' lang='lat' dir='ltr'>commune</span> <span class='ocrx_word' id='word_1_294' title='bbox 927 2285 1104 2327; x_wconf 87' lang='lat' dir='ltr'>vincere</span> <span class='ocrx_word' id='word_1_295' title='bbox 1136 2297 1217 2326; x_wconf 89' lang='lat' dir='ltr'>non</span> <span class='ocrx_word' id='word_1_296' title='bbox 1252 2285 1406 2336; x_wconf 89' lang='lat' dir='ltr'>potuit.</span> <span class='ocrx_word' id='word_1_297' title='bbox 1467 2283 1652 2333; x_wconf 75' lang='grc'>1111111011</span> <span class='ocrx_word' id='word_1_298' title='bbox 1684 2293 1850 2332; x_wconf 74' lang='grc'>6111110-</span> 
     </span>
     <span class='ocr_line' id='line_1_33' title="bbox 80 2347 1852 2407; baseline -0.006 -9"><span class='ocrx_word' id='word_1_299' title='bbox 80 2357 168 2407; x_wconf 88' lang='lat' dir='ltr'>bat,</span> <span class='ocrx_word' id='word_1_300' title='bbox 201 2357 312 2407; x_wconf 81' lang='lat' dir='ltr'>quod</span> <span class='ocrx_word' id='word_1_301' title='bbox 345 2356 460 2407; x_wconf 87' lang='lat' dir='ltr'>apud</span> <span class='ocrx_word' id='word_1_302' title='bbox 494 2354 738 2402; x_wconf 88' lang='lat' dir='ltr'>Homerum,</span> <span class='ocrx_word' id='word_1_303' title='bbox 781 2354 856 2406; x_wconf 89' lang='lat' dir='ltr'>qui</span> <span class='ocrx_word' id='word_1_304' title='bbox 887 2355 1021 2395; x_wconf 90' lang='lat' dir='ltr'>multo</span> <span class='ocrx_word' id='word_1_305' title='bbox 1054 2356 1149 2404; x_wconf 84' lang='lat' dir='ltr'>post</span> <span class='ocrx_word' id='word_1_306' title='bbox 1182 2352 1379 2394; x_wconf 80' lang='lat' dir='ltr'>Troicum</span> <span class='ocrx_word' id='word_1_307' title='bbox 1422 2351 1578 2392; x_wconf 88' lang='lat' dir='ltr'>bellum</span> <span class='ocrx_word' id='word_1_308' title='bbox 1626 2348 1789 2390; x_wconf 73' lang='grc'>1-1116111</span> <span class='ocrx_word' id='word_1_309' title='bbox 1805 2347 1852 2400; x_wconf 75' lang='lat'>²³),</span> 
     </span>
    </p>
   </div>
   <div class='ocr_carea' id='block_1_3' title="bbox 83 2474 1854 3092">
    <p class='ocr_par' dir='ltr' id='par_1_3' title="bbox 205 2474 1747 2523">
     <span class='ocr_line' id='line_1_34' title="bbox 205 2474 1747 2523; baseline -0.005 -8"><span class='ocrx_word' id='word_1_310' title='bbox 205 2482 226 2521; x_wconf 82' lang='lat'>¹)</span> <span class='ocrx_word' id='word_1_311' title='bbox 251 2480 357 2514; x_wconf 87' lang='lat' dir='ltr'>Hunc</span> <span class='ocrx_word' id='word_1_312' title='bbox 382 2480 580 2523; x_wconf 83' lang='lat' dir='ltr'>particulae</span> <span class='ocrx_word' id='word_1_313' title='bbox 606 2482 665 2511; x_wconf 82' lang='grc' dir='ltr'>καί</span> <span class='ocrx_word' id='word_1_314' title='bbox 688 2490 790 2513; x_wconf 85' lang='lat' dir='ltr'>usum</span> <span class='ocrx_word' id='word_1_315' title='bbox 818 2482 991 2513; x_wconf 85' lang='lat' dir='ltr'>memorat</span> <span class='ocrx_word' id='word_1_316' title='bbox 1017 2478 1160 2522; x_wconf 78' lang='lat' dir='ltr'>Kriiger</span> <span class='ocrx_word' id='word_1_317' title='bbox 1185 2477 1341 2520; x_wconf 68' lang='lat' dir='ltr'>Spravhl.</span> <span class='ocrx_word' id='word_1_318' title='bbox 1369 2479 1389 2517; x_wconf 60' lang='grc' dir='ltr'>ς’</span> <span class='ocrx_word' id='word_1_319' title='bbox 1414 2477 1468 2518; x_wconf 71' lang='lat'>69,</span> <span class='ocrx_word' id='word_1_320' title='bbox 1494 2476 1536 2508; x_wconf 77' lang='lat'>32</span> <span class='ocrx_word' id='word_1_321' title='bbox 1566 2475 1667 2508; x_wconf 71' lang='lat' dir='ltr'>Anni.</span> <span class='ocrx_word' id='word_1_322' title='bbox 1699 2474 1747 2508; x_wconf 78' lang='lat'>12.</span> 
     </span>
    </p>

    <p class='ocr_par' dir='ltr' id='par_1_4' title="bbox 83 2533 1852 2696">
     <span class='ocr_line' id='line_1_35' title="bbox 197 2533 1852 2582; baseline -0.005 -11"><span class='ocrx_word' id='word_1_323' title='bbox 197 2537 223 2582; x_wconf 65' lang='lat'>²)</span> <span class='ocrx_word' id='word_1_324' title='bbox 251 2537 371 2571; x_wconf 83' lang='lat' dir='ltr'>Simile</span> <span class='ocrx_word' id='word_1_325' title='bbox 407 2537 594 2571; x_wconf 82' lang='lat' dir='ltr'>discrimen</span> <span class='ocrx_word' id='word_1_326' title='bbox 632 2540 686 2570; x_wconf 88' lang='lat' dir='ltr'>est</span> <span class='ocrx_word' id='word_1_327' title='bbox 718 2536 813 2570; x_wconf 88' lang='lat' dir='ltr'>inter</span> <span class='ocrx_word' id='word_1_328' title='bbox 846 2535 974 2578; x_wconf 85' lang='lat' dir='ltr'>capitis</span> <span class='ocrx_word' id='word_1_329' title='bbox 1000 2536 1036 2568; x_wconf 91' lang='lat' dir='ltr'>II</span> <span class='ocrx_word' id='word_1_330' title='bbox 1070 2534 1224 2576; x_wconf 71' lang='lat' dir='ltr'>initium,</span> <span class='ocrx_word' id='word_1_331' title='bbox 1260 2534 1318 2567; x_wconf 90' lang='lat' dir='ltr'>ubi</span> <span class='ocrx_word' id='word_1_332' title='bbox 1357 2533 1473 2567; x_wconf 77' lang='lat' dir='ltr'>verbis</span> <span class='ocrx_word' id='word_1_333' title='bbox 1506 2535 1669 2575; x_wconf 66' lang='lat' dir='ltr'>‹saiz-ema</span> <span class='ocrx_word' id='word_1_334' title='bbox 1702 2533 1770 2573; x_wconf 60' lang='grc' dir='ltr'>γάρ</span> <span class='ocrx_word' id='word_1_335' title='bbox 1797 2540 1852 2563; x_wconf 76' lang='lat' dir='ltr'>res</span> 
     </span>
     <span class='ocr_line' id='line_1_36' title="bbox 83 2587 1851 2637; baseline -0.006 -8"><span class='ocrx_word' id='word_1_336' title='bbox 83 2595 245 2629; x_wconf 84' lang='lat' dir='ltr'>omnibus</span> <span class='ocrx_word' id='word_1_337' title='bbox 271 2594 434 2637; x_wconf 86' lang='lat' dir='ltr'>cognitae</span> <span class='ocrx_word' id='word_1_338' title='bbox 461 2597 699 2636; x_wconf 71' lang='lat' dir='ltr'>exponuntur,</span> <span class='ocrx_word' id='word_1_339' title='bbox 726 2596 761 2626; x_wconf 91' lang='lat' dir='ltr'>et</span> <span class='ocrx_word' id='word_1_340' title='bbox 787 2592 915 2635; x_wconf 78' lang='lat' dir='ltr'>capitis</span> <span class='ocrx_word' id='word_1_341' title='bbox 941 2593 997 2625; x_wconf 83' lang='grc' dir='ltr'>ΙΙΙ</span> <span class='ocrx_word' id='word_1_342' title='bbox 1033 2591 1186 2626; x_wconf 80' lang='lat' dir='ltr'>initium.</span> <span class='ocrx_word' id='word_1_343' title='bbox 1221 2591 1278 2623; x_wconf 88' lang='grc'>11111</span> <span class='ocrx_word' id='word_1_344' title='bbox 1315 2591 1439 2623; x_wconf 86' lang='lat' dir='ltr'>harum</span> <span class='ocrx_word' id='word_1_345' title='bbox 1477 2599 1589 2622; x_wconf 86' lang='lat' dir='ltr'>rerum</span> <span class='ocrx_word' id='word_1_346' title='bbox 1627 2587 1851 2629; x_wconf 68' lang='lat' dir='ltr'>cognitarum</span> 
     </span>
     <span class='ocr_line' id='line_1_37' title="bbox 83 2646 1475 2696; baseline -0.004 -11"><span class='ocrx_word' id='word_1_347' title='bbox 83 2655 336 2696; x_wconf 84' lang='lat' dir='ltr'>argumentum</span> <span class='ocrx_word' id='word_1_348' title='bbox 365 2651 408 2684; x_wconf 84' lang='lat' dir='ltr'>ab</span> <span class='ocrx_word' id='word_1_349' title='bbox 435 2654 578 2684; x_wconf 84' lang='lat' dir='ltr'>auctore</span> <span class='ocrx_word' id='word_1_350' title='bbox 605 2649 793 2684; x_wconf 86' lang='lat' dir='ltr'>inventum</span> <span class='ocrx_word' id='word_1_351' title='bbox 822 2648 938 2682; x_wconf 86' lang='lat' dir='ltr'>verbis</span> <span class='ocrx_word' id='word_1_352' title='bbox 963 2646 1062 2688; x_wconf 70' lang='grc' dir='ltr'><em>δηλυι</em></span> <span class='ocrx_word' id='word_1_353' title='bbox 1088 2646 1124 2679; x_wconf 56' lang='grc' dir='ltr'>δι’</span> <span class='ocrx_word' id='word_1_354' title='bbox 1150 2660 1209 2688; x_wconf 71' lang='grc' dir='ltr'>μοι</span> <span class='ocrx_word' id='word_1_355' title='bbox 1236 2646 1475 2688; x_wconf 72' lang='lat' dir='ltr'>significatur.</span> 
     </span>
    </p>

    <p class='ocr_par' dir='ltr' id='par_1_5' title="bbox 83 2701 1854 3092">
     <span class='ocr_line' id='line_1_38' title="bbox 199 2701 1854 2750; baseline -0.006 -9"><span class='ocrx_word' id='word_1_356' title='bbox 199 2707 224 2750; x_wconf 71' lang='grc'>3)</span> <span class='ocrx_word' id='word_1_357' title='bbox 251 2708 305 2741; x_wconf 79' lang='lat' dir='ltr'>Ad</span> <span class='ocrx_word' id='word_1_358' title='bbox 332 2707 441 2741; x_wconf 74' lang='lat' dir='ltr'>verba</span> <span class='ocrx_word' id='word_1_359' title='bbox 466 2704 583 2746; x_wconf 64' lang='grc' dir='ltr'><em>πολλῷ</em></span> <span class='ocrx_word' id='word_1_360' title='bbox 608 2708 674 2749; x_wconf 61' lang='grc' dir='ltr'>γὰρ</span> <span class='ocrx_word' id='word_1_361' title='bbox 703 2707 847 2746; x_wconf 63' lang='grc' dir='ltr'>ὕστερον</span> <span class='ocrx_word' id='word_1_362' title='bbox 873 2705 921 2736; x_wconf 70' lang='grc' dir='ltr'>ἴῃ</span> <span class='ocrx_word' id='word_1_363' title='bbox 947 2707 1002 2736; x_wconf 74' lang='grc' dir='ltr'>καὶ</span> <span class='ocrx_word' id='word_1_364' title='bbox 1034 2711 1101 2735; x_wconf 69' lang='grc' dir='ltr'>τῶν</span> <span class='ocrx_word' id='word_1_365' title='bbox 1126 2704 1289 2745; x_wconf 62' lang='grc' dir='ltr'>Τρωικῶν</span> <span class='ocrx_word' id='word_1_366' title='bbox 1314 2705 1502 2746; x_wconf 54' lang='grc' dir='ltr'>γενόμενος</span> <span class='ocrx_word' id='word_1_367' title='bbox 1528 2702 1661 2735; x_wconf 68' lang='lat' dir='ltr'>scholia</span> <span class='ocrx_word' id='word_1_368' title='bbox 1686 2701 1799 2734; x_wconf 69' lang='lat' dir='ltr'>citant</span> <span class='ocrx_word' id='word_1_369' title='bbox 1817 2704 1854 2734; x_wconf 79' lang='lat' dir='ltr'>et</span> 
     </span>
     <span class='ocr_line' id='line_1_39' title="bbox 83 2758 1853 2808; baseline -0.005 -9"><span class='ocrx_word' id='word_1_370' title='bbox 83 2765 235 2808; x_wconf 84' lang='lat' dir='ltr'>probant</span> <span class='ocrx_word' id='word_1_371' title='bbox 268 2764 404 2798; x_wconf 84' lang='lat' dir='ltr'>variam</span> <span class='ocrx_word' id='word_1_372' title='bbox 441 2764 625 2797; x_wconf 72' lang='lat' dir='ltr'>lectionem</span> <span class='ocrx_word' id='word_1_373' title='bbox 664 2765 814 2805; x_wconf 59' lang='grc' dir='ltr'>ὕστερος.</span> <span class='ocrx_word' id='word_1_374' title='bbox 871 2762 983 2805; x_wconf 80' lang='lat' dir='ltr'>Quam</span> <span class='ocrx_word' id='word_1_375' title='bbox 1019 2772 1138 2794; x_wconf 76' lang='lat' dir='ltr'>omnes</span> <span class='ocrx_word' id='word_1_376' title='bbox 1181 2761 1334 2794; x_wconf 65' lang='lat' dir='ltr'>editores</span> <span class='ocrx_word' id='word_1_377' title='bbox 1368 2760 1528 2793; x_wconf 82' lang='lat' dir='ltr'>refutant</span> <span class='ocrx_word' id='word_1_378' title='bbox 1563 2758 1765 2801; x_wconf 75' lang='lat' dir='ltr'>Rriigerum</span> <span class='ocrx_word' id='word_1_379' title='bbox 1800 2767 1853 2790; x_wconf 88' lang='lat' dir='ltr'>se-</span> 
     </span>
     <span class='ocr_line' id='line_1_40' title="bbox 84 2814 1851 2864; baseline -0.004 -10"><span class='ocrx_word' id='word_1_380' title='bbox 84 2826 244 2864; x_wconf 85' lang='lat' dir='ltr'>quentes,</span> <span class='ocrx_word' id='word_1_381' title='bbox 278 2821 336 2863; x_wconf 79' lang='lat' dir='ltr'>qui</span> <span class='ocrx_word' id='word_1_382' title='bbox 371 2821 473 2854; x_wconf 80' lang='lat' dir='ltr'>affert</span> <span class='ocrx_word' id='word_1_383' title='bbox 508 2820 620 2863; x_wconf 82' lang='lat' dir='ltr'>legem</span> <span class='ocrx_word' id='word_1_384' title='bbox 654 2819 810 2862; x_wconf 77' lang='lat' dir='ltr'>Spraehl.</span> <span class='ocrx_word' id='word_1_385' title='bbox 838 2821 857 2859; x_wconf 63' lang='grc' dir='ltr'>,ξ</span> <span class='ocrx_word' id='word_1_386' title='bbox 882 2819 936 2856; x_wconf 78' lang='grc'>57,</span> <span class='ocrx_word' id='word_1_387' title='bbox 963 2819 983 2849; x_wconf 74' lang='grc' dir='ltr'>ἶ)</span> <span class='ocrx_word' id='word_1_388' title='bbox 1012 2819 1114 2851; x_wconf 71' lang='lat' dir='ltr'>Anni.</span> <span class='ocrx_word' id='word_1_389' title='bbox 1141 2817 1161 2850; x_wconf 84' lang='lat'>3</span> <span class='ocrx_word' id='word_1_390' title='bbox 1187 2817 1374 2859; x_wconf 70' lang='lat' dir='ltr'>scriptam:</span> <span class='ocrx_word' id='word_1_391' title='bbox 1404 2815 1645 2858; x_wconf 75' lang='lat' dir='ltr'>„Ordinale</span> <span class='ocrx_word' id='word_1_392' title='bbox 1683 2814 1851 2857; x_wconf 66' lang='lat' dir='ltr'>Aujvk-</span> 
     </span>
     <span class='ocr_line' id='line_1_41' title="bbox 83 2870 1851 2919; baseline -0.006 -7"><span class='ocrx_word' id='word_1_393' title='bbox 83 2878 183 2913; x_wconf 88' lang='lat' dir='ltr'>tive</span> <span class='ocrx_word' id='word_1_394' title='bbox 199 2905 205 2911; x_wconf 92' lang='lat'><strong>.</strong></span> <span class='ocrx_word' id='word_1_395' title='bbox 224 2905 230 2911; x_wconf 93' lang='lat'><em>.</em></span> <span class='ocrx_word' id='word_1_396' title='bbox 251 2877 500 2919; x_wconf 62' lang='lat' dir='ltr'>,bezeichnem</span> <span class='ocrx_word' id='word_1_397' title='bbox 527 2875 802 2919; x_wconf 70' lang='lat' dir='ltr'>priitlikativ</span> <span class='ocrx_word' id='word_1_398' title='bbox 821 2877 1011 2919; x_wconf 83' lang='lat' dir='ltr'>angefiigt.</span> <span class='ocrx_word' id='word_1_399' title='bbox 1030 2874 1085 2907; x_wconf 77' lang='grc'>(111·</span> <span class='ocrx_word' id='word_1_400' title='bbox 1105 2874 1221 2907; x_wconf 80' lang='grc'>011111</span> <span class='ocrx_word' id='word_1_401' title='bbox 1235 2884 1343 2916; x_wconf 76' lang='lat' dir='ltr'>ung,</span> <span class='ocrx_word' id='word_1_402' title='bbox 1371 2873 1405 2906; x_wconf 92' lang='lat' dir='ltr'>in</span> <span class='ocrx_word' id='word_1_403' title='bbox 1425 2873 1486 2905; x_wconf 82' lang='lat' dir='ltr'>der</span> <span class='ocrx_word' id='word_1_404' title='bbox 1512 2871 1715 2905; x_wconf 74' lang='lat' dir='ltr'>dieselhe</span> <span class='ocrx_word' id='word_1_405' title='bbox 1731 2870 1851 2903; x_wconf 82' lang='lat' dir='ltr'>Hand-</span> 
     </span>
     <span class='ocr_line' id='line_1_42' title="bbox 85 2927 1852 2978; baseline -0.005 -10"><span class='ocrx_word' id='word_1_406' title='bbox 85 2935 175 2978; x_wconf 87' lang='lat' dir='ltr'>lung</span> <span class='ocrx_word' id='word_1_407' title='bbox 192 2937 296 2968; x_wconf 82' lang='lat' dir='ltr'>unter</span> <span class='ocrx_word' id='word_1_408' title='bbox 314 2935 498 2968; x_wconf 88' lang='lat' dir='ltr'>mehreren</span> <span class='ocrx_word' id='word_1_409' title='bbox 525 2934 580 2967; x_wconf 80' lang='lat' dir='ltr'>Be</span> <span class='ocrx_word' id='word_1_410' title='bbox 594 2934 772 2977; x_wconf 76' lang='lat' dir='ltr'>griffen</span> <span class='ocrx_word' id='word_1_411' title='bbox 799 2933 876 2965; x_wconf 79' lang='lat' dir='ltr'>dem</span> <span class='ocrx_word' id='word_1_412' title='bbox 896 2935 1103 2975; x_wconf 79' lang='lat' dir='ltr'>genannten</span> <span class='ocrx_word' id='word_1_413' title='bbox 1123 2931 1316 2967; x_wconf 80' lang='lat' dir='ltr'>zukommt.</span> <span class='ocrx_word' id='word_1_414' title='bbox 1342 2929 1512 2962; x_wconf 67' lang='lat' dir='ltr'>wahrend</span> <span class='ocrx_word' id='word_1_415' title='bbox 1527 2929 1584 2962; x_wconf 88' lang='lat' dir='ltr'>die</span> <span class='ocrx_word' id='word_1_416' title='bbox 1602 2927 1852 2970; x_wconf 72' lang='lat' dir='ltr'>entsprerhen-</span> 
     </span>
     <span class='ocr_line' id='line_1_43' title="bbox 85 2984 1850 3033; baseline -0.005 -9"><span class='ocrx_word' id='word_1_417' title='bbox 85 2991 151 3025; x_wconf 89' lang='lat' dir='ltr'>den</span> <span class='ocrx_word' id='word_1_418' title='bbox 179 2990 357 3025; x_wconf 78' lang='lat' dir='ltr'>Adverbia</span> <span class='ocrx_word' id='word_1_419' title='bbox 384 3019 390 3024; x_wconf 95' lang='lat'>.</span> <span class='ocrx_word' id='word_1_420' title='bbox 419 3018 424 3023; x_wconf 95' lang='lat'>.</span> <span class='ocrx_word' id='word_1_421' title='bbox 453 3018 459 3024; x_wconf 92' lang='lat'>.</span> <span class='ocrx_word' id='word_1_422' title='bbox 487 2991 542 3024; x_wconf 73' lang='lat' dir='ltr'>di·¹</span> <span class='ocrx_word' id='word_1_423' title='bbox 568 2990 791 3033; x_wconf 75' lang='lat' dir='ltr'>ordnung</span> <span class='ocrx_word' id='word_1_424' title='bbox 817 2988 1038 3029; x_wconf 71' lang='lat' dir='ltr'>bestimmen,</span> <span class='ocrx_word' id='word_1_425' title='bbox 1067 2988 1101 3021; x_wconf 90' lang='lat' dir='ltr'>in</span> <span class='ocrx_word' id='word_1_426' title='bbox 1128 2987 1188 3021; x_wconf 86' lang='lat' dir='ltr'>der</span> <span class='ocrx_word' id='word_1_427' title='bbox 1206 2993 1311 3021; x_wconf 74' lang='lat' dir='ltr'>unte-r</span> <span class='ocrx_word' id='word_1_428' title='bbox 1330 2986 1515 3019; x_wconf 84' lang='lat' dir='ltr'>mehreren</span> <span class='ocrx_word' id='word_1_429' title='bbox 1542 2984 1850 3026; x_wconf 81' lang='lat' dir='ltr'>Handlungeu</span> 
     </span>
     <span class='ocr_line' id='line_1_44' title="bbox 86 3040 1852 3092; baseline -0.005 -11"><span class='ocrx_word' id='word_1_430' title='bbox 86 3046 269 3081; x_wconf 82' lang='lat' dir='ltr'>desselben</span> <span class='ocrx_word' id='word_1_431' title='bbox 294 3046 463 3092; x_wconf 74' lang='lat' dir='ltr'>SubJekts</span> <span class='ocrx_word' id='word_1_432' title='bbox 489 3047 544 3081; x_wconf 88' lang='lat' dir='ltr'>die</span> <span class='ocrx_word' id='word_1_433' title='bbox 570 3057 655 3081; x_wconf 85' lang='lat' dir='ltr'>erw</span> <span class='ocrx_word' id='word_1_434' title='bbox 668 3047 807 3080; x_wconf 73' lang='grc'>11111116</span> <span class='ocrx_word' id='word_1_435' title='bbox 834 3046 966 3088; x_wconf 79' lang='lat' dir='ltr'>erfolgt</span> <span class='ocrx_word' id='word_1_436' title='bbox 993 3045 1070 3078; x_wconf 54' lang='lat' dir='ltr'>istst*</span> <span class='ocrx_word' id='word_1_437' title='bbox 1122 3044 1187 3077; x_wconf 72' lang='lat' dir='ltr'>Sed</span> <span class='ocrx_word' id='word_1_438' title='bbox 1223 3054 1264 3077; x_wconf 83' lang='lat' dir='ltr'>ex</span> <span class='ocrx_word' id='word_1_439' title='bbox 1299 3043 1363 3076; x_wconf 79' lang='lat' dir='ltr'>hac</span> <span class='ocrx_word' id='word_1_440' title='bbox 1398 3043 1476 3085; x_wconf 80' lang='lat' dir='ltr'>lege</span> <span class='ocrx_word' id='word_1_441' title='bbox 1503 3042 1579 3085; x_wconf 69' lang='lat' dir='ltr'>ipsa</span> <span class='ocrx_word' id='word_1_442' title='bbox 1606 3044 1745 3082; x_wconf 58' lang='lat' dir='ltr'>rampo„-</span> <span class='ocrx_word' id='word_1_443' title='bbox 1770 3040 1852 3073; x_wconf 67' lang='lat' dir='ltr'>seri-</span> 
     </span>
    </p>
   </div>
  </div>
 </body>
</html>
