2061 3337
936 156 1220 199 —30-

185 276 375 323 tempore
407 272 522 322 apud
553 271 761 312 barbaros
804 274 982 311 exstare
1015 274 1167 311 auctor
1208 268 1344 321 addit,
1385 270 1509 310 velut
1551 281 1682 321 saepe
1727 282 1816 312 mos
1857 270 1956 312 bar-

184 341 315 382 barus
348 344 392 381 et
422 338 591 391 priscus
637 350 726 379 mos
769 337 963 379 Graecus
1005 336 1135 378 iidem
1178 340 1337 378 essent.
1409 336 1557 378 Verba
1599 337 1713 378 enim
1757 342 1955 380 extrema

184 407 325 447 πολλὰ
358 406 448 446 ὄῗὶν
480 406 547 445 καὶ
581 404 688 444 ἄλλα
724 419 790 454 τις
821 403 1067 455 ἀποδείξειε·
1100 402 1148 445 τὸ
1183 403 1370 445 παλαιὸν
1400 403 1641 460 Ἑλληνικὸν
1686 403 1957 459 ὁμοιότροπα

184 482 242 528 τῷ
278 481 346 514 νῦν
377 476 625 528 βαρβαρικῷ
670 472 951 525 διαιτώμενον
993 474 1047 514 ad
1089 474 1226 515 verba
1267 473 1576 515 antecedentia
1617 470 1681 513 ἔτι
1724 472 1768 514 δὲ
1810 474 1881 514 καὶ
1911 472 1960 515 ἐν

182 549 274 591 τοῖς
302 543 532 595 βαρβάροις
562 541 649 581 κτλ.
683 545 856 583 tantum
888 542 1061 583 adnexa
1093 545 1206 593 sunt,
1248 553 1389 592 neque
1420 540 1646 583 Schwartz
1688 543 1714 583 l.
1744 543 1771 584 l.
1802 555 1841 594 p.
1873 544 1953 584 211

184 616 303 653 recte
336 611 461 662 dixit,
493 615 628 652 totum
655 622 883 651 excursum
912 610 966 651 ad
992 609 1301 651 illustrandam
1323 610 1436 651 hanc
1457 610 1720 652 sententiam
1744 610 1955 663 scriptum

184 692 290 722 esse.
332 683 380 721 ut
411 681 519 720 haec
561 677 783 720 sententia
825 677 1122 719 collectionem
1163 677 1256 719 fere
1303 679 1530 730 adaequet,
1575 677 1620 719 id
1667 680 1779 729 quod
1821 680 1956 721 etiam

189 747 477 789 Wilamowitz
510 748 638 798 plane
670 746 848 788 refutat.

299 815 467 867 Capitis
497 815 583 856 VII
609 827 691 866 quo
713 814 988 866 antiquorum
1012 813 1266 866 oppidorum
1289 814 1401 856 situs
1424 814 1689 856 describitur
1710 815 1955 857 exstructio

183 888 251 926 est
282 885 410 926 haec:
443 896 535 925 cum
570 883 815 924 recentiora
846 883 1005 934 oppida
1037 882 1081 924 in
1113 882 1211 934 ipsa
1243 895 1319 924 ora
1352 881 1574 924 maritima
1604 883 1741 925 muris
1774 884 1954 925 circum-

185 954 289 994 data
322 952 499 994 condita
540 955 698 993 essent.
741 950 926 1002 antiqua
966 951 1183 1003 piraticae
1225 963 1358 992 causa
1398 951 1444 992 in
1485 951 1705 993 montibus
1748 954 1897 1004 procul
1928 966 1955 995 a

182 1021 293 1062 mari
325 1020 557 1062 aedificata
589 1031 684 1061 esse
715 1024 923 1060 narratur
955 1020 1121 1082 duobus
1161 1019 1395 1061 sententiis
1427 1032 1450 1061 e
1491 1019 1678 1072 simplici
1722 1024 1768 1062 et
1808 1021 1954 1073 prisca

183 1089 393 1131 sermonis
416 1088 587 1129 ratione
612 1087 897 1139 coordinatis3
930 1089 1111 1139 quarum
1135 1089 1326 1130 secunda
1349 1088 1505 1129 deinde
1528 1088 1778 1140 explicatur
1809 1089 1954 1133 verbis

181 1155 338 1213 ἔφερον
369 1156 448 1210 γὰρ
482 1155 688 1210 ἀλλήλους
709 1169 753 1195 τε
785 1155 857 1195 καὶ
896 1163 980 1195 τῶν
1020 1154 1160 1196 ἄλλων
1201 1154 1295 1196 ὅσοι
1335 1155 1453 1204 ὄντες
1493 1154 1542 1215 οὐ
1572 1155 1807 1197 θαλάσσιοι
1838 1158 1956 1197 κάτω

182 1227 329 1279 ᾤκουν,
363 1238 475 1277 quae
506 1238 588 1266 non
622 1228 723 1266 sunt
755 1226 1047 1276 parenthesis.
1109 1224 1308 1276 Denique
1339 1223 1407 1264 καὶ
1440 1223 1573 1287 μεᾌρῖ
1595 1223 1717 1264 τοῦδε
1749 1223 1810 1265 ἔτι
1844 1224 1954 1279 ἀνῳ-

181 1297 371 1346 κισμένοι
403 1291 508 1334 εἰσιν
540 1294 738 1335 additum
771 1298 848 1335 est.
910 1293 1018 1334 Tres
1051 1298 1153 1335 sunt
1184 1292 1228 1334 in
1250 1295 1329 1335 hoc
1361 1293 1507 1345 capite
1530 1293 1799 1336 offensiones.
1860 1294 1956 1335 Pri-

181 1377 294 1404 mum
328 1363 533 1414 quomodo
565 1375 660 1404 cum
701 1361 920 1414 prioribus
962 1362 1179 1413 piraticae
1222 1361 1591 1414 explicationibus
1634 1363 1867 1404 cohaereat
1899 1387 1954 1392 —

182 1444 280 1473 nam
313 1431 355 1472 id
390 1432 443 1472 ad
475 1443 703 1472 excursum
737 1430 898 1482 capitis
935 1430 992 1471 VI
1024 1443 1109 1472 non
1139 1430 1225 1471 iam
1257 1430 1478 1482 pertinere
1506 1435 1694 1482 apparet
1725 1456 1779 1459 —
1812 1443 1833 1472 e
1855 1442 1955 1472 ver-

181 1500 249 1542 bis
280 1499 387 1551 ipsis
420 1512 502 1540 non
534 1499 825 1551 intellegitur,
857 1499 1035 1540 Videtur
1057 1504 1203 1540 autem
1226 1498 1505 1552 Thucydides
1529 1498 1806 1550 antiquorum
1834 1499 1954 1552 oppi-

183 1569 331 1610 dorum
363 1568 495 1609 situm
529 1573 834 1620 argumentum
866 1567 1084 1619 piraticae
1128 1569 1338 1609 adnotare
1380 1566 1584 1609 voluisse.
1656 1566 1822 1609 Deinde
1864 1568 1953 1620 pri-

181 1650 294 1678 mam
327 1636 590 1679 sententiam
622 1635 733 1677 idem
767 1636 860 1677 fere
893 1635 1115 1677 continere
1148 1638 1280 1688 atque
1319 1635 1478 1688 capitis
1510 1635 1620 1676 VIII
1652 1637 1955 1688 paragraphos

182 1706 207 1746 2
240 1711 282 1746 et
314 1706 338 1744 3
372 1706 456 1747 iam
489 1705 602 1746 dixit
634 1705 857 1747 Schwartz
889 1707 914 1746 l.
947 1706 973 1746 l.
1004 1718 1042 1756 p.
1075 1705 1169 1747 210.
1230 1705 1336 1746 Tum
1383 1705 1519 1746 verba
1562 1703 1634 1744 καὶ
1672 1699 1809 1757 μεχρῖ
1829 1703 1952 1744 τοῦδε

180 1771 243 1813 ἔτι
275 1772 555 1827 ἀνῳκισιιέινοι
584 1771 688 1813 εἰσιν
721 1773 920 1815 difficilia
951 1778 1054 1815 sunt
1078 1774 1133 1814 ad
1165 1773 1556 1824 interpretandum.
1627 1773 1823 1814 Classeni
1855 1785 1954 1815 con-

181 1842 351 1884 iectura
384 1841 665 1896 ἀνῳκισιιέναι
700 1842 766 1883 his
799 1842 946 1884 verbis
979 1843 1162 1883 eundem
1197 1853 1371 1883 sensum
1403 1842 1573 1894 tribuit7
1605 1842 1679 1893 qui
1701 1841 1787 1883 iam
1820 1847 1953 1883 antea

156 1923 414 1970 ¹expressus
446 1917 525 1953 est.
558 1915 613 1961 et,
646 1923 737 1951 cum
771 1910 1057 1962 parenthesin
1089 1910 1175 1951 iam
1208 1910 1525 1963 sustulerimus,
1557 1910 1726 1952 omnino
1749 1921 1833 1951 non
1865 1909 1951 1952 iam

182 1992 354 2022 sensum
388 1981 533 2022 habet.
596 1980 684 2021 Non
720 1979 804 2021 alio
837 1984 981 2020 autem
1014 1980 1136 2021 modo
1160 1980 1265 2020 haec
1288 1979 1424 2020 verba
1455 1978 1657 2031 intellegi
1688 1990 1813 2030 posse
1845 1978 1954 2020 mihi

181 2048 399 2090 videntur.
431 2048 515 2089 nisi
549 2049 600 2088 de
632 2047 785 2089 iisdem
817 2047 1062 2088 latronibus
1095 2046 1397 2099 Thucydidiae
1431 2046 1592 2088 aetatis
1625 2046 1698 2099 agi
1731 2046 1951 2088 existime-

181 2130 287 2158 mus.
318 2116 391 2167 qui
426 2117 467 2157 in
503 2116 647 2168 capite
680 2116 718 2154 V
750 2120 1054 2157 memorantur.
1116 2114 1229 2156 Suae
1252 2114 1416 2156 aet-atis
1439 2115 1632 2157 latrones
1664 2115 1709 2156 in
1732 2115 1951 2157 montibus

183 2190 227 2227 et⁴
260 2186 406 2237 procul
440 2185 493 2226 ab
526 2197 599 2226 ora
632 2184 836 2226 habitare
870 2188 1173 2236 argumentum
1208 2195 1303 2226 esse
1336 2183 1443 2225 dicit
1475 2183 1756 2237 Thucydides
1778 2184 1952 2235 priscae

181 2253 381 2304 vulgaris
416 2252 675 2294 aedificandi
707 2252 910 2304 rationis3
949 2264 1059 2304 quae
1092 2252 1315 2294 sententia
1348 2264 1430 2294 non
1462 2252 1591 2303 plane
1624 2264 1844 2303 expressa,
1876 2252 1953 2293 sed

183 2322 441 2363 adumbrata
474 2324 645 2362 tantum
688 2326 767 2362 est.
837 2320 1006 2374 Quibus
1047 2333 1099 2362 ex
1137 2320 1446 2362 offensionibus
1487 2320 1829 2362 concludendum
1873 2324 1953 2372 est,

182 2395 315 2441 caput
348 2390 432 2430 VH
465 2402 546 2430 non
581 2402 605 2430 a
637 2389 892 2442 Thucydide
923 2389 1017 2441 ipso
1050 2388 1379 2441 archaeologiae
1403 2389 1605 2430 innexum
1641 2400 1748 2439 esse,
1779 2389 1855 2429 sed
1877 2389 1950 2429 ad-

181 2458 497 2500 umbrationem
530 2457 572 2499 in
606 2457 802 2509 margine
832 2457 1019 2499 fortasse
1062 2458 1114 2499 ab
1158 2462 1336 2499 auctore
1378 2457 1645 2508 adscriptam
1687 2458 1741 2497 ab
1784 2457 1952 2498 editore

182 2527 399 2577 integram
430 2526 576 2568 textui
606 2526 817 2568 insertam
851 2538 956 2567 esse.
1018 2525 1110 2578 Quo
1143 2526 1233 2567 loco
1267 2524 1532 2567 Thucidides
1556 2524 1715 2576 capitis
1737 2524 1823 2565 VII
1854 2537 1952 2566 sen-

181 2595 346 2637 tentias
381 2595 602 2636 innectere
633 2594 835 2646 voluerit,
867 2607 949 2636 non
982 2594 1092 2636 satis
1125 2605 1381 2646 cognoscere
1413 2605 1652 2645 possumus.
1712 2593 1822 2634 Nam
1854 2605 1949 2634 cum

181 2662 236 2704 iis
274 2663 487 2704 contineri
529 2667 834 2715 argumentum
875 2662 1091 2714 piraticae
1133 2666 1177 2703 et
1218 2674 1311 2703 cum
1355 2662 1408 2702 de
1449 2660 1607 2713 piratis
1648 2660 1949 2713 Thucydidiae

182 2731 345 2772 aetatis
388 2730 459 2781 agi
501 2730 751 2782 viderimus,
799 2743 873 2772 eas
916 2732 969 2771 ad
1013 2729 1172 2782 capitis
1214 2730 1252 2770 V
1294 2730 1617 2781 paragraphum
1661 2730 1685 2769 2
1727 2728 1950 2780 pertinere

182 2799 489 2850 existimemus.
551 2798 653 2840 Cum
686 2811 789 2840 vero
822 2803 954 2850 caput
974 2798 1071 2850 VH,
1103 2797 1146 2839 in
1170 2810 1252 2850 quo
1276 2810 1298 2838 e
1331 2797 1420 2839 situ
1441 2796 1601 2849 oppida
1632 2796 1882 2847 antiquiora
1905 2799 1950 2837 et

179 2866 426 2908 recentiora
459 2867 782 2919 discernuntur,
816 2866 1125 2908 correctionem
1158 2877 1254 2907 esse
1286 2865 1447 2917 capit-is
1469 2864 1579 2906 VIII
1609 2864 1880 2916 paragraphi
1912 2864 1950 2916 3,

179 2935 225 2976 in
259 2948 344 2986 qua
376 2936 563 2976 nondum
595 2934 906 2976 discernuntur
937 2935 1012 2975 sed
1045 2934 1189 2975 omnia
1230 2935 1363 2976 verbo
1396 2932 1760 2987 παραθαλάσσιος
1801 2932 1947 2984 appe]-

179 3003 341 3044 lantur.
375 3002 666 3044 Wilamowitz
699 3002 965 3054 cognoverit.
997 3006 1129 3053 caput
1162 3002 1245 3043 VII
1277 3001 1408 3043 etiam
1443 3001 1497 3042 ad
1519 3005 1650 3052 caput
1675 3000 1794 3051 VIII,
1826 3001 1851 3041 3
1874 3000 1947 3041 ad-

181 3070 390 3121 scriptum
423 3070 559 3111 fuisse
592 3070 727 3112 conici
761 3074 915 3122 potest.
