2061 3337
956 152 1234 194 -20-

208 274 373 319 aetatis
404 285 486 324 res,
518 270 676 322 quibus
706 265 991 319 migrationes
1012 263 1108 305 fieri
1139 266 1356 316 poterant,
1389 264 1676 313 exponuntur.
1734 260 1979 302 Verborum

208 343 320 386 enim
371 338 528 394 ῥᾳδίως
569 335 875 382 ἀπολείποντες
924 331 1130 384 repetitio
1180 334 1282 373 sunt
1333 331 1470 372 verba
1510 328 1558 370 οὐ
1599 327 1800 379 χαλεπῶς
1840 326 1981 368 ἀπαν-

205 414 385 461 ίσταντο,
417 408 486 449 1115
523 410 667 448 autem
700 402 934 445 subiuncta
967 404 1070 442 sunt
1092 402 1301 451 quattuor
1322 399 1395 441 vel
1425 398 1581 451 potius,
1614 410 1708 440 cum
1739 397 1979 439 secundum

208 483 252 521 et
282 477 463 520 tertium
497 472 719 516 artissime
751 471 1027 521 cohaereant,
1066 468 1159 510 tria
1189 466 1428 519 participia
1471 465 1693 518 νεμόμενοί
1722 479 1768 505 τε
1798 463 1851 504 τὰ
1882 461 1976 504 ἑαυ-

205 554 287 587 τῶν
320 542 491 585 ἕκαστοι
524 540 623 582 ὅσον
655 537 820 592 ἀποζῆν
851 536 922 577 καὶ
945 537 1196 589 περιουσίαν
1226 535 1452 590 χρημάτων
1474 534 1548 575 οὐκ
1581 531 1744 585 ἔχοντες
1775 531 1872 574 οὐδὲ
1902 537 1980 586 γῆν

207 614 458 671 φυτεύοντες
501 642 508 650 .
554 642 562 649 .
603 639 610 647 .
652 613 722 662 τῆς
761 620 804 646 τε
844 605 944 645 καθ’
986 603 1147 659 ἡμέραν
1187 603 1418 656 ἀναγκαίου
1458 608 1622 658 τροφῆς
1660 607 1883 652 πανταχοῦ
1924 600 1979 641 ἂν

208 682 434 737 ἡγούμενοι
475 677 739 732 ἐπικρατεῖν,
776 687 953 727 quorum
986 673 1133 726 priora
1154 673 1237 714 duo
1268 671 1508 724 participia
1539 670 1772 724 particulis
1803 667 1982 709 τὲ--καί

207 749 411 793 51111111161
458 750 590 798 atque
637 747 770 787 antea
812 755 975 785 conexa
1031 745 1156 795 sunt,
1202 743 1252 782 ut
1298 741 1534 782 secundum
1576 738 1860 791 participium
1906 749 1981 779 res

206 817 421 871 speciales
452 818 497 857 et
527 813 745 856 notabiles
776 815 921 864 neget,
963 822 1074 862 quae
1114 808 1273 862 prioris
1305 807 1531 861 participii
1564 807 1858 850 affirmatione
1888 806 1979 847 iam

202 890 393 939 negatae
448 886 597 931 erant;
648 880 831 923 tertium
881 878 1165 932 participium
1216 877 1436 929 prioribus
1489 877 1656 918 duobus
1708 874 1978 917 contrarium

205 954 427 1008 particula
466 953 512 991 τέ
552 950 751 993 additum
804 949 958 990 damno
1005 959 1088 988 non
1129 946 1258 999 gravi
1299 945 1392 987 illic
1434 944 1630 997 exposito
1672 956 1789 996 spem
1831 941 1984 985 facilis

205 1019 554 1074 recuperationis
592 1017 783 1071 opponit.
842 1015 1069 1058 Prioribus
1092 1015 1259 1056 duobus
1283 1018 1429 1056 autem
1459 1012 1708 1065 participiis
1742 1012 1980 1054 subiuncta

208 1094 310 1134 sunt
342 1102 426 1131 non
463 1089 600 1131 solum
641 1087 779 1128 verba
821 1083 978 1139 ἄδηλον
1020 1081 1067 1123 ὂν
1107 1079 1241 1123 ὁπότε
1281 1096 1347 1130 τις
1386 1078 1588 1122 ἐπελθὼν
1627 1079 1698 1120 καὶ
1729 1078 1983 1130 ἀτειχίστων

205 1158 294 1212 ἅμα
339 1156 475 1198 ὄντων
517 1155 644 1203 ἄλλος
685 1152 985 1209 ἀφαιρήσεται,
1031 1152 1077 1193 id
1117 1152 1231 1204 quod
1277 1162 1399 1193 nemo
1440 1149 1623 1201 negabit
1640 1150 1683 1203 ¹),
1724 1149 1801 1191 sed
1843 1147 1980 1189 etiam

206 1229 344 1270 Verba
389 1225 518 1268 huius
560 1221 831 1276 paragraphi
871 1220 1011 1273 prima
1055 1225 1128 1275 τῆς
1168 1217 1379 1272 ἐμπορίας
1420 1216 1494 1259 οὐκ
1536 1217 1662 1273 οὔσης
1701 1215 1791 1257 οὐδ’
1832 1212 1982 1267 ἐπιμι-Ἴ

206 1296 373 1351 γνόντες
418 1292 555 1342 ἀδεῶς
600 1289 798 1346 ἀλλήλοις
845 1288 939 1330 οὔτε
984 1287 1093 1328 κατὰ
1138 1293 1211 1342 γῆν
1257 1286 1349 1328 οὔτε
1396 1286 1467 1327 διὰ
1517 1285 1762 1340 θαλάσσης,
1819 1284 1982 1335 quibus

204 1363 494 1418 posteriorum
528 1364 725 1403 aetatum
756 1358 1031 1400 condiciones
1068 1382 1114 1386 -
1147 1359 1268 1398 recte
1300 1355 1413 1398 enim
1445 1356 1769 1407 interpretatur
1795 1352 1981 1394 Classen

209 1434 311 1487 „der
337 1432 453 1485 Jetzt
483 1429 766 1471 vorhandene
794 1425 1210 1468 Handelsverkehr“
1255 1448 1306 1454 —-
1349 1424 1441 1466 illis
1480 1423 1748 1476 temporibus
1789 1423 1981 1464 nondum.

207 1500 435 1544 exstitisse
462 1501 614 1540 auctor
644 1496 764 1538 dicit.
824 1495 918 1537 Non
949 1497 1070 1535 recte
1093 1497 1236 1536 autem
1261 1492 1488 1535 existimat
1510 1491 1692 1533 Classen
1711 1492 1819 1533 haec
1840 1490 1977 1532 verba

205 1567 456 1622 participiis
502 1564 727 1617 νεμόμενοί
766 1577 812 1603 τε
852 1562 939 1603 κτλ.
982 1561 1238 1604 coordinata
1279 1573 1375 1603 esse
1417 1564 1461 1603 et
1502 1560 1765 1613 particulam
1807 1561 1854 1598 τέ
1893 1570 1979 1600 non

208 1635 460 1689 insequenti
505 1635 578 1674 καί
618 1634 894 1685 respondere,
935 1632 1011 1673 sed
1052 1629 1275 1682 νεμόμενοι
1316 1628 1401 1669 κτλ.
1435 1641 1529 1671 611111
1569 1627 1788 1682 prioribus
1829 1625 1978 1669 verbis

209 1706 484 1757 coniungere.
544 1703 655 1744 Nam
688 1713 782 1743 cum
814 1698 1052 1752 participia
1082 1697 1308 1750 νεμόμενοι
1327 1696 1414 1738 κτλ.
1438 1698 1669 1739 verborum
1701 1695 1748 1736 οὐ
1779 1694 1987 1746 χαλεπῶς·

209 1772 503 1814 ἀπανίσταντο
551 1782 706 1812 causas
754 1768 963 1821 afferant,
1006 1767 1051 1809 id
1097 1768 1211 1819 quod
1265 1765 1352 1808 iam
1399 1778 1532 1818 supra
1580 1765 1788 1817 diximus,
1842 1764 1979 1806 verba

207 1848 279 1896 τῆς
323 1838 538 1895 ἐμπορίας
584 1837 670 1878 κτλ.
723 1850 807 1880 non
853 1837 1085 1879 verborum
1137 1833 1184 1875 οὗ
1230 1833 1430 1886 χαλεπῶς
1475 1832 1767 1874 ἀπανίσταντο
1819 1843 1982 1875 causas

208 1910 408 1961 afferunt,
425 1919 567 1959 neque
590 1907 705 1948 enim
725 1905 909 1948 habebis
930 1906 1085 1946 bonam
1109 1902 1387 1954 sententiam,
1409 1915 1503 1944 cum
1529 1901 1665 1944 dices:
1690 1901 1821 1955 „quia
1837 1912 1983 1952 neque>

209 1976 509 2020 commercium
545 1987 687 2027 neque
718 1977 837 2016 tutos
870 1973 1016 2014 aditus
1047 1972 1283 2024 habebant,
1324 1970 1456 2012 facile
1488 1970 1830 2023 migraverunt“.
1893 1968 1980 2011 Sed.

209 2046 345 2088 verba
377 2050 446 2098 τῆς
478 2040 689 2096 ἐμπορίας
718 2042 805 2081 κτλ.
838 2040 1089 2093 participiis
1120 2039 1343 2091 νεμόμενοι
1373 2038 1461 2078 κτλ.
1495 2038 1747 2090 anteposita
1777 2041 1892 2089 sunt,
1923 2048 1976 2078 ne

208 2113 304 2167 quis
335 2112 628 2166 posteriorum
667 2114 863 2152 aetatum
905 2108 1181 2151 condiciones
1222 2107 1267 2149 in
1311 2106 1620 2159 antiquissima
1661 2105 1739 2147 illa
1780 2108 1979 2157 tempora

210 2182 429 2235 adhibeat,
460 2180 506 2221 id
556 2180 669 2231 quod
700 2179 762 2219 516
798 2177 1059 2219 vertendum
1106 2179 1192 2217 est:
1243 2176 1384 2229 „nullo
1427 2173 1678 2216 commercio
1719 2174 1837 2214 nullo
1880 2177 1976 2215 tuto

206 2250 426 2292 hominum
459 2247 662 2290 terrestri
695 2247 767 2289 vel
797 2245 1016 2287 maritimo
1058 2256 1140 2286 usu
1180 2256 1274 2286 cum
1317 2255 1444 2296 agros
1476 2242 1607 2284 facile
1640 2241 1895 2284 amitterent
1933 2244 1983 2283 61.

205 2320 530 2370 recuperarent,
578 2327 708 2367 saepe
754 2314 1099 2367 migraverunt“.
1168 2313 1406 2364 Postquam
1447 2313 1499 2353 de
1548 2309 1979 2363 commigrationibus

276 2442 362 2476 XVI
389 2442 572 2484 ἐπεγένετο
598 2436 636 2471 δὲ
662 2436 778 2473 ἄλλοις
803 2451 841 2470 τε
867 2436 995 2470 ἄλλοθι
1019 2435 1209 2479 κωλύματα
1235 2439 1281 2478 μὴ
1309 2435 1507 2477 αὐξηθῆναι
1532 2437 1590 2467 καὶ
1609 2435 1702 2467 Ἴωσι
1728 2436 1981 2478 προχωρησάνν

388 2510 462 2529 των
487 2497 542 2528 ἐπὶ
567 2498 658 2539 μέγα
684 2500 757 2527 τῶν
781 2497 1004 2539 πραγμάτων
1028 2494 1147 2536 Κῦρος
1170 2495 1229 2525 καὶ
1253 2495 1273 2534 ἡ
1298 2493 1452 2535 Περσικὴ
1478 2490 1642 2534 βασιλεία
1666 2489 1736 2526 κτλ.

327 2568 350 2609 ¹)
376 2565 533 2600 Dubium
560 2575 635 2599 6556
660 2567 788 2607 potest,
815 2567 935 2598 utrum
954 2562 1147 2607 genetivus
1173 2562 1358 2597 absolutus
1384 2562 1590 2601 ἀτειχίστων
1615 2562 1690 2602 ἅμα
1714 2559 1830 2592 ὄντων
1855 2569 1978 2594 5661111-

208 2624 291 2658 dum
316 2623 474 2666 Kriigeri
499 2621 714 2656 sententiam
740 2620 928 2663 participio
955 2617 1120 2651 ἐπελθών
1137 2618 1396 2654 coordinandus
1422 2616 1472 2652 511
1496 2627 1542 2651 an
1559 2617 1751 2652 secundum
1769 2617 1977 2651 Classenum

209 2681 393 2723 Steupium
419 2679 473 2713 ita
499 2678 772 2722 subiungendus
796 2677 855 2720 sit,
881 2681 924 2712 ut
946 2676 1124 2720 particula
1148 2676 1330 2717 καὶ-ἅμα
1357 2674 1510 2709 similem
1528 2673 1826 2717 significationem
1846 2673 1980 2707 habeat

208 2737 406 2780 particulae
441 2733 552 2769 ἄλλως
577 2747 614 2766 τε
639 2736 707 2769 καί.
756 2734 936 2769 Posterior
972 2732 1154 2768 sententia
1187 2732 1367 2776 probanda
1401 2735 1464 2766 est.
1515 2731 1605 2765 Nam
1631 2729 1797 2774 primum,
1824 2729 1854 2763 si
1877 2729 1976 2763 illam

209 2794 361 2837 priorem
399 2792 598 2835 sequimur,
632 2790 792 2825 concludi
822 2793 960 2834 potest,
997 2789 1187 2824 nonnullas
1221 2792 1348 2833 gentes
1383 2788 1492 2823 etiam
1525 2797 1644 2821 muros
1677 2787 1863 2830 habuisse,
1899 2796 1977 2820 cum

210 2851 414 2889 ἀτειχίστων
450 2849 566 2881 ὄντων
597 2859 668 2883 11011
704 2847 822 2881 111111115
860 2851 968 2890 atque
1007 2844 1169 2878 ἐπελθών
1203 2845 1359 2880 condicio
1396 2845 1499 2880 verbi
1532 2846 1768 2888 ἀφαιρήσεται
1801 2845 1904 2885 65561,
1939 2842 1978 2876 111

208 2906 400 2950 posteriore
427 2909 547 2940 autem
581 2907 786 2945 ἀτειχίστων
810 2904 926 2935 ὄντων
958 2914 1101 2938 causam
1134 2903 1339 2948 generalem
1374 2902 1488 2936 totius
1513 2900 1714 2936 sententiae
1741 2898 1904 2931 ἐπελθών
1927 2911 1977 2933 τις

210 2964 443 3006 ἀφαιρήσεται
477 2962 637 2996 continet
670 2966 707 2996 et
738 2960 882 2995 omnino
914 2971 985 2994 nou
1017 2970 1137 2994 muros
1168 2959 1279 2994 fuisse
1313 2960 1471 3002 apparet.
1527 2957 1665 2992 Deinde
1699 2956 1845 2991 Classen
1869 2954 1977 2990 huius

208 3018 407 3063 particulae
431 3020 612 3060 καὶ-ἅμα
636 3028 722 3052 usus
748 3017 950 3060 exemplum
982 3017 1098 3051 locum
1124 3015 1252 3060 capitis
1277 3014 1338 3058 IX,
1365 3015 1386 3048 3
1417 3016 1476 3046 καὶ
1499 3019 1653 3054 ναυτικῷ
1677 3025 1714 3045 τε
1740 3015 1815 3055 ἅμα
1840 3013 1978 3053 ἰσχύσας

209 3079 248 3111 61
273 3075 342 3109 alia
366 3076 452 3118 loca,
488 3085 578 3118 quae
604 3075 745 3118 quidem
778 3085 848 3109 non
874 3084 1023 3117 aequam
1049 3073 1122 3108 vim
1147 3073 1292 3116 habent,
1326 3072 1461 3107 attulit.
1523 3071 1564 3105 cf.
1591 3071 1687 3105 infra
1708 3081 1742 3114 p.
1768 3069 1812 3104 32
1838 3070 1918 3104 111111,
1943 3068 1980 3103 3,

2051 2371 2061 2659 -ᾙ-ιιμ-...ιᾼ-κᾼ.
2055 2328 2059 2354 Α-
2055 2260 2057 2273 -
