2061 3337
914 163 1197 204 —32-

160 277 321 329 μᾶλλον
341 275 413 331 ἤδη
440 274 556 322 ὄντες
572 275 851 316 illustrentur
869 273 918 327 ¹A):
952 272 1219 327 Ἀγαμέμνων
1235 275 1283 313 τέ
1301 288 1377 325 μοι
1394 273 1512 314 δοκεῖ
1535 281 1618 315 τῶν
1639 274 1737 315 τότε
1759 274 1936 328 δυνάμει

160 346 362 397 προύχων
408 342 478 383 καὶ.
525 341 572 382 οὗ
618 348 822 382 τοσοῦτον
865 347 957 389 τοῖς
999 339 1218 395 Τυνδάρεω
1259 340 1403 396 ὅρκοις
1441 341 1797 398 κατειλημμένους
1836 343 1937 394 τοὺς

160 412 324 467 Ἑλένης
344 417 583 466 μνηστῆρας
605 410 719 464 ἄγων
741 409 812 450 τὸν
836 408 986 450 στόλον
1011 407 1192 464 ἀγεῖραι.
1236 410 1304 452 Ad
1325 412 1434 452 haec
1456 412 1593 453 verba
1613 413 1841 464 probanda
1857 412 1888 464 ²)
1911 423 1935 455 e

159 480 528 533 Peloponnesiaca
576 480 763 530 quadam
823 478 1066 519 traditione
1112 478 1371 521 Atridarum
1422 479 1647 531 potentiae
1697 482 1838 522 ortum
1889 483 1935 522 et

164 552 337 590 auctum
371 560 458 590 11113
488 548 618 599 longa
651 545 875 588 sententia
906 550 1073 598 narrat,
1106 547 1158 587 ad
1191 559 1318 598 quam
1342 549 1469 599 paulo
1501 547 1618 589 infra
1650 552 1935 591 revertemur.

163 617 270 658 Tum
305 617 418 657 113116
450 617 502 657 (16
533 628 694 667 magna
725 614 929 656 terrestri
962 615 1301 666 Agamemnonis
1332 618 1556 667 potestate
1597 616 1935 669 explicationem

163 685 334 735 colligit
374 683 526 725 verbis
567 684 593 722 ἃ
637 713 644 722 .
680 715 687 721 .
722 717 728 723 .
771 682 1040 736 Ἀγαμέμνων
1081 681 1342 735 παραλαβών
1382 686 1426 725 et
1467 684 1596 726 simul
1639 697 1734 726 eum
1775 698 1936 737 magna

162 754 305 794 classe
338 755 556 805 potentem
589 751 726 793 fuisse
759 751 885 792 addit
928 751 1078 793 verbis
1110 752 1184 790 καί
1215 758 1395 804 ναυτικῷ
1435 767 1479 792 τε
1518 751 1655 807 ἇμαῑῖ)
1697 751 1771 793 ἐπὶ
1803 753 1935 794 πλέον

161 827 247 860 τῶν
278 819 418 860 ἄλλων
450 817 636 871 ἰσχύσας,
680 832 790 871 quas
833 821 941 861 duas
985 831 1054 861 res
1089 819 1319 871 subiungit
1348 820 1515 872 primae
1548 820 1709 872 capitis
1740 821 1808 862 IX
1839 833 1934 864 sen-

162 889 331 931 tentiae
373 888 628 940 repetitioni
669 902 743 940 μοι
786 886 903 927 δοκεῖ
935 918 942 925 .
978 919 985 926 .
1023 919 1031 926 .
1063 887 1139 942 τὴν
1179 890 1401 942 στρατείαν
1442 887 1490 929 οὐ
1529 889 1675 943 χάριτι
1713 887 1759 930 τὸ
1803 888 1936 930 πλέον

162 953 185 1009 ἢ
217 957 338 1011 φόβῳ
370 957 614 1010 ξυναγαγὼν
643 956 931 1010 ποιήσασθαι.
993 956 1194 1008 Denique
1217 958 1271 998 ad
1298 957 1560 1008 explicanda
1582 958 1719 999 verba
1751 964 1933 1012 ναυτικῷ

163 1024 337 1076 ἰσχύσας
376 1025 722 1077 magnitudinem
767 1025 923 1067 classis
967 1025 1218 1066 accuratius
1260 1025 1439 1077 exponit
1481 1029 1614 1078 atque
1655 1038 1709 1068 ex
1747 1027 1934 1069 Homero

161 1095 331 1146 probat.
401 1093 650 1147 Singularis
698 1098 843 1135 autem
895 1105 990 1135 esse
1041 1093 1219 1135 Videtur
1269 1094 1313 1135 111
1364 1094 1446 1136 1136
1497 1095 1549 1136 de
1595 1095 1935 1147 Agamemnonis

156 1163 342 1214 imperio
375 1162 670 1214 explicatione
703 1163 805 1203 ordo
837 1161 1170 1203 sententiarum.
1233 1161 1442 1204 Collectio
1474 1162 1588 1204 enim
1628 1175 1712 1205 non
1752 1163 1798 1205 in
1838 1162 1935 1216 fine,

161 1232 237 1272 sed
269 1231 387 1272 inter
419 1232 527 1273 duas
558 1229 786 1273 terrestris
819 1235 863 1272 et
894 1230 1144 1272 maritimae
1185 1230 1411 1282 potentiae
1450 1231 1767 1284 explicationes
1798 1231 1934 1273 inter-

160 1300 306 1351 posita
339 1311 433 1341 esse
470 1299 654 1352 videtur,
686 1311 785 1340 nam
818 1311 912 1340 cum
944 1302 1043 1351 post
1075 1300 1212 1341 verba
1244 1299 1486 1353 ξυναγαγὼν
1517 1301 1791 1355 ποιήσασθαι
1821 1301 1935 1342 113116

162 1367 499 1420 explicationem
541 1367 659 1409 finiri
701 1370 1026 1420 exspectemus,
1078 1370 1231 1419 postea
1273 1367 1404 1409 etiam
1448 1369 1657 1410 nonnulla
1700 1370 1753 1410 de
1794 1369 1934 1410 classe

161 1436 500 1488 Agamemnonis
533 1437 766 1478 adduntur.
826 1435 973 1487 Nobis,
1004 1436 1042 1477 31
1065 1436 1264 1477 collectio
1286 1435 1423 1489 fieret,
1453 1438 1561 1478 haec
1581 1436 1673 1478 fere
1706 1436 1934 1489 dispositio

154 1504 324 1546 rectior
355 1505 604 1546 videretur:
637 1503 805 1557 λέγουσι
840 1502 884 1544 δὲ
915 1502 987 1543 καὶ
1018 1502 1105 1543 κτλ.
1130 1528 1181 1532 —
1214 1509 1486 1557 καταστῆναι·
1520 1505 1546 1544 ἃ
1578 1504 1650 1545 καὶ
1671 1504 1936 1559 Ἀγαμέμνων

159 1572 391 1625 παρέλαβε.
425 1575 627 1628 φαίνεται
660 1571 705 1613 δὲ
736 1571 808 1611 καὶ
842 1573 960 1612 ναῦσί
992 1586 1038 1611 τε
1070 1571 1294 1620 πλείσταις
1325 1570 1450 1620 αὐτὸς
1481 1571 1742 1628 ἀφικόμενος
1771 1572 1857 1614 κτλ.
1880 1597 1933 1603 —

156 1639 201 1681 εἰ
230 1642 286 1696 μή
320 1656 360 1681 τι
400 1641 472 1681 καὶ
514 1640 708 1681 ναυτικὸν
751 1636 872 1691 εἶχεν.
921 1639 1031 1681 οὕτω
1074 1640 1180 1681 κατὰ
1220 1646 1291 1695 γῆν
1332 1641 1400 1681 καὶ
1444 1649 1624 1695 ναυτικῷ
1665 1656 1709 1682 τε
1741 1640 1829 1694 ἅμα
1861 1641 1936 1683 ἐπὶ

159 1709 292 1749 πλέον
332 1717 416 1749 τῶν
458 1708 598 1749 ἄλλων
640 1708 815 1759 ἰσχύσας
856 1708 943 1748 κτλ.
987 1734 1039 1738 -—
1085 1710 1329 1763 ξυναγαγὼν
1370 1711 1655 1765 ποιήσασθαι.
1716 1710 1802 1764 Qui
1833 1712 1935 1753 ordo

151 1791 256 1821 611111
290 1791 372 1820 11011
405 1778 672 1830 inveniatur,
705 1779 1045 1820 concludendum
1078 1778 1183 1819 mihi
1225 1778 1405 1820 videtur
1437 1778 1734 1821 collectionem
1764 1779 1934 1822 omnino

160 1859 244 1888 non
276 1847 323 1888 in
357 1847 498 1888 animo
531 1847 739 1889 habuisse
773 1845 1084 1900 Thucydidem,
1118 1847 1195 1888 sed
1218 1859 1325 1898 eum,
1353 1846 1399 1888 id
1421 1848 1532 1898 quod
1569 1848 1744 1900 saepius
1776 1848 1936 1901 facit⁴),

160 1915 407 1967 graviorem
457 1915 724 1957 sententiam
779 1914 1016 1967 participio
1074 1927 1326 1966 expressam
1373 1916 1506 1957 verbo
1553 1915 1676 1957 finito
1722 1927 1745 1957 6
1790 1916 1935 1968 priore

161 1983 388 2025 sententia
425 1984 616 2036 repetito
658 1983 935 2035 subiungere,
980 1984 1072 2024 cuin
1106 1995 1182 2024 nos
1216 1983 1463 2035 graviorem
1504 1983 1769 2026 sententiam
1802 1985 1935 2026 verbo

161 2051 284 2093 finito
334 2052 629 2103 exprimamus
676 2057 721 2094 et
767 2051 1004 2103 repetitam
1061 2052 1326 2093 sententiam
1374 2051 1690 2104 subiungamus
1731 2052 1844 2094 hunc
1890 2052 1935 2094 in

159 2121 354 2161 modum:
391 2154 424 2171 ,‚.
457 2153 465 2161 .
498 2154 504 2160 .
536 2121 651 2161 113116
686 2120 952 2172 Agamemno
985 2123 1241 2161 terrestrem
1271 2123 1536 2171 potestatem
1571 2120 1754 2173 accepit.
1813 2121 1936 2162 Idem

160 2187 385 2229 maritima
435 2191 659 2240 potestate
712 2188 810 2230 aliis
861 2187 1042 2240 regibus
1093 2188 1365 2240 praestabat,
1416 2200 1500 2239 qua
1551 2201 1635 2230 non
1685 2189 1827 2231 minus
1880 2190 1935 2231 ad

283 2337 304 2373 ¹)
330 2337 441 2371 Recte
475 2336 658 2370 Schwartz
691 2337 714 2370 l.
739 2337 760 2369 l.
787 2348 820 2379 p.
846 2335 914 2370 208
948 2336 1075 2379 capitis
1102 2336 1152 2369 IX
1186 2335 1331 2370 initium
1367 2340 1442 2370 arte
1477 2347 1554 2370 cum
1588 2336 1658 2371 fine
1692 2336 1819 2380 eapitis
1844 2337 1936 2372 VIII

163 2393 359 2436 coniunxit,
387 2394 479 2427 sicut
504 2393 613 2427 etiam
641 2393 817 2436 particula
844 2395 881 2424 τέ
906 2392 1098 2437 significat.

278 2450 304 2485 *²*
331 2450 595 2494 Argumentum
622 2450 738 2485 verbis
759 2447 797 2481 δὲ
822 2452 880 2481 καί
897 2449 1047 2493 adiungi
1071 2449 1275 2484 invenimus
1301 2449 1408 2484 etiam
1434 2450 1472 2484 in
1498 2451 1615 2493 capite
1639 2450 1743 2493 XIII,
1768 2450 1790 2484 3
1815 2453 1936 2494 φαίνε-

166 2519 218 2537 Υαι
246 2504 283 2537 δὲ
308 2509 366 2538 καὶ
391 2508 538 2549 Σαμίοις
562 2505 777 2548 Ἀμεωόεκλῆέ1
803 2506 1000 2550 Κορίνθιος
1026 2508 1201 2550 ναυπηγὸς
1224 2510 1308 2540 ναῦς
1332 2510 1478 2548 ποιήσας
1502 2508 1683 2551 τέσσαρας.

281 2563 305 2606 ³)
333 2563 477 2597 Classen
504 2567 627 2598 contra
654 2574 784 2606 omnes,
812 2563 871 2606 qui
897 2564 1008 2598 verba
1032 2565 1172 2597 mutare
1198 2563 1399 2607 voluerunt,
1425 2567 1519 2598 recte
1545 2565 1603 2595 καὶ
1624 2584 1659 2587 —
1687 2565 1762 2606 ἅμα
1787 2565 1935 2599 verbum

165 2625 318 2659 ναυτικῷ
344 2621 513 2654 extollere
540 2624 577 2654 et
601 2620 816 2663 particulam
844 2622 880 2652 τὲ
904 2620 1097 2663 participia
1121 2618 1344 2663 παραλαβών
1366 2624 1403 2655 et
1429 2621 1566 2661 ἰσχύσας
1591 2621 1806 2665 coniungere
1832 2621 1934 2656 dixit.

165 2676 207 2710 cf.
235 2687 343 2719 supra
367 2688 399 2719 p.
427 2677 471 2709 20
497 2678 576 2711 adn.

282 2734 305 2776 ⁸)
334 2733 475 2767 Similes
500 2734 604 2776 locos⁷
631 2734 691 2768 ubi
717 2733 945 2776 participium
976 2734 1178 2778 graviorem
1206 2734 1421 2768 sententiam
1455 2734 1623 2777 exprimit
1655 2745 1761 2778 quam
1788 2735 1935 2769 verbum

165 2788 321 2833 finitum,
347 2790 383 2823 in
409 2790 586 2833 prooemio
611 2790 737 2825 inveni
762 2791 843 2824 hos:

280 2847 344 2889 VI,
370 2846 391 2879 5
417 2849 473 2878 καὶ
500 2845 707 2889 ὃιεζιιιλιιένοι
734 2854 836 2879 wirto
862 2844 1012 2890 δρῶσινε
1039 2847 1272 2892 subligaculis
1297 2851 1459 2892 utuntur,
1487 2859 1564 2883 611111
1590 2849 1655 2882 1106
1678 2848 1828 2883 faciunt.

278 2902 340 2946 IX,
367 2903 386 2935 2
415 2901 559 2935 Πέλοπα
584 2932 591 2938 ,
619 2931 625 2937 .
653 2932 659 2939 .
686 2901 837 2945 δύναμιν
861 2907 1180 2947 περιποιησάμενον
1204 2906 1268 2946 τὴν
1293 2904 1497 2946 ἐπωνυμίαν
1522 2932 1528 2939 .
1557 2933 1562 2939 ,
1591 2933 1596 2939 ,
1623 2912 1734 2945 σχεῖνε
1769 2905 1934 2948 Pelopem

160 2962 305 2994 tantam
333 2960 529 3002 potentiam
557 2960 624 2995 sibi
653 2961 845 3005 paravisse,
872 2965 913 2995 ut
938 2961 1120 3003 ἐπώνιῃιιος
1144 2961 1256 2996 fieret.
1291 2961 1346 3005 (cf.
1372 2961 1468 2996 infra
1492 2973 1524 3004 p.
1550 2961 1617 2999 33).

257 3015 353 3049 XIX.
381 3017 411 3047 οἱ
438 3014 713 3058 Λακεδαιμόνιοι
739 3020 798 3058 οὐχ
831 3016 1011 3052 ὑποτελεῖς
1045 3018 1179 3058 ἔχοντες
1212 3020 1327 3062 φόρου
1357 3021 1437 3052 τοὺὲ1
1461 3017 1661 3060 ξυμμάχους
1684 3019 1832 3062 ἡγοῦντο
1857 3015 1934 3052 κτλ;

158 3072 440 3106 Lacedaemonii
466 3084 537 3107 non
563 3073 811 3116 imposuerunt
836 3074 976 3109 tributa
1004 3074 1117 3118 sociis,
1144 3075 1271 3118 quibus
1297 3078 1496 3118 praeerant,
1522 3079 1586 3109 ete.
