2061 3337
959 168 1210 209 -8-

198 285 377 327 verbum
411 282 526 334 apud
557 281 791 323 Homerum
818 281 1091 333 inusitatum,
1123 293 1206 332 quo
1229 281 1362 323 etiam
1385 282 1645 336 Herodotus,
1676 282 1800 325 cuius
1832 283 1969 325 verba

198 354 230 395 I.
261 354 315 395 48
346 357 480 391 ταῦτα
522 348 562 390 οἱ
592 347 728 389 Λυδοὶ
759 349 1065 402 θεσπιασάσης
1094 354 1166 403 τῆς
1197 351 1368 404 Πυθίης
1409 351 1758 404 συγγραψάμενοι
1798 348 1968 402 οἴχοντο

198 420 401 468 ἀπιόντες
433 415 473 467 ἐς
503 417 577 466 τὰς
611 415 768 471 Σάρδις
799 417 987 470 exempli
1020 429 1151 459 causa
1185 418 1374 471 afferam,
1421 418 1684 471 simpliciter
1725 421 1778 461 de
1818 419 1967 462 verbis

198 489 362 531 auditis
393 499 471 540 per
500 487 678 528 litteras
711 484 981 538 consignatis
1003 486 1158 539 utitur,
1190 487 1307 538 apud
1329 486 1629 541 Thucydidem
1658 488 1765 530 locis
1786 487 1969 541 omissis,

197 557 355 610 quibus
388 556 432 597 in
455 555 539 596 fine
562 553 871 605 descriptionis
904 552 1173 606 singulorum
1195 554 1301 596 belli
1333 567 1542 597 annorum
1564 555 1723 598 iterum
1747 560 1969 598 auctorem

198 637 243 667 se
275 623 517 677 profitetur,
550 621 795 664 adhibitum
828 621 1074 663 invenimus
1106 634 1189 664 non
1221 621 1308 664 nisi
1340 623 1392 664 (16
1423 624 1554 665 rebus
1577 636 1712 677 usque
1745 625 1852 666 adeo
1883 636 1969 667 me-

196 692 332 736 moria
363 696 534 734 tantum
566 690 756 742 traditis,
800 696 891 732 tum
933 702 1034 732 vero
1065 690 1229 733 litteris
1261 691 1492 744 mandatis,
1533 692 1578 733 in
1618 692 1723 734 libri
1754 693 1791 735 V
1823 693 1969 746 capite

196 761 302 803 XLI
335 762 385 802 (16
418 760 538 812 pacis
570 758 907 810 condicionibus,
938 758 984 800 in
1015 760 1041 800 1.
1063 759 1102 799 V
1124 771 1157 800 c.
1189 759 1364 801 XXXV
1395 761 1448 801 de
1478 760 1665 814 foedere,
1699 761 1773 802 ubi
1804 762 1970 805 scholia

197 831 424 884 συμφωνία
455 829 717 882 γεγραμμένη
750 828 1116 879 interpretantur,
1158 828 1203 869 in
1233 829 1260 869 1.
1291 827 1403 870 VIII
1433 840 1466 870 0.
1498 828 1671 871 LXVII
1712 830 1764 871 de
1795 831 1969 883 legibus

196 897 365 951 patriis
396 909 504 950 quas
526 896 601 949 qui
624 896 837 949 colligunt
859 895 1117 951 ξυγγραφεῖς
1139 897 1420 948 appellantur
1436 896 1478 950 1).
1528 897 1713 940 Prorsus
1736 902 1882 941 autem
1915 911 1970 941 ex

197 979 257 1020 60,
289 967 401 1018 quod
433 965 713 1019 Thucydides
745 965 789 1006 in
819 964 923 1006 libri
952 965 975 1006 I
1012 964 1158 1017 capite
1189 964 1356 1007 XCVII
1386 965 1608 1008 Hellanici
1649 979 1755 1019 opus
1786 966 1970 1023 Ἀττικὴν

197 1035 444 1089 ξυγγραφήν
473 1035 668 1076 nominat
699 1033 798 1087 (quo
829 1033 1000 1075 nomine
1032 1033 1165 1075 etiam
1197 1033 1445 1076 Herodotus
1476 1034 1508 1087 I,
1540 1035 1594 1076 93
1626 1036 1682 1077 ad
1714 1036 1970 1088 descriptio-

195 1116 291 1145 nem
322 1103 575 1146 historicam
608 1102 942 1154 significandam
964 1101 1135 1156 utitur),
1168 1106 1355 1154 apparet
1383 1115 1468 1144 non
1500 1103 1633 1145 aliter
1655 1116 1751 1146 eum
1774 1104 1970 1157 cogitare

195 1174 248 1214 de
280 1184 355 1214 suo
385 1183 513 1224 opere
555 1183 683 1224 quam
727 1172 778 1212 de
820 1170 1055 1223 Hellanici‚
1095 1170 1210 1213 sicut
1252 1171 1383 1212 etiam
1426 1171 1691 1223 posteriores
1732 1173 1970 1225 scriptores

195 1241 276 1282 hoc
306 1240 440 1282 verbo
474 1241 525 1282 de
558 1239 672 1282 omni
713 1251 889 1291 operum
931 1239 1198 1291 pedestrium
1240 1251 1401 1291 genere
1442 1243 1636 1282 utuntur.
1698 1241 1819 1282 Nihil
1851 1240 1969 1283 aliud

194 1308 334 1362 igitur
366 1307 646 1362 Thucydides
679 1308 787 1349 dicit
818 1307 904 1349 nisi
937 1319 983 1349 se
1013 1307 1245 1349 historiam
1279 1307 1382 1349 belli
1414 1308 1774 1360 Peloponnesiaci
1804 1309 1974 1363 litteris*

195 1377 488 1429 mandavisse,
521 1378 573 1418 de
606 1389 684 1418 sua
716 1375 893 1428 propria
923 1387 1027 1417 vero
1060 1376 1279 1418 scribendi
1318 1375 1501 1428 ratione,
1533 1389 1661 1428 quam
1693 1377 1867 1429 quidem
1899 1392 1968 1422 ca-

195 1445 363 1497 pitibus
394 1444 508 1486 XXI
540 1448 584 1486 et
615 1444 751 1486 XXII
783 1444 988 1497 explicat,
1035 1456 1174 1496 neque
1203 1445 1283 1486 hoc
1314 1445 1447 1486 verbo
1490 1457 1631 1497 neque
1670 1447 1750 1488 hoc
1780 1447 1871 1489 1000
1903 1460 1969 1490 00-

196 1513 326 1566 gitat.
386 1513 662 1566 Praepositio
695 1517 841 1555 autem
877 1513 968 1564 ξυν-
991 1525 1086 1554 01110
1109 1513 1243 1554 verbo
1273 1513 1456 1568 γράφειν
1488 1513 1719 1556 coniuncta
1750 1515 1969 1568 significat

196 1583 494 1624 collectionem
528 1585 699 1624 tantum
732 1582 1000 1635 singulorum
1034 1582 1264 1623 verborum
1299 1581 1617 1624 sententiarum
1648 1584 1793 1636 legum
1826 1596 1969 1626 rerum

196 1657 421 1704 gestarum
454 1663 477 1692 e
508 1650 713 1693 memoria
746 1652 817 1692 vel
849 1663 871 1692 e
904 1650 1145 1692 traditione
1176 1650 1353 1693 factam.

308 1720 442 1762 Porro
483 1720 655 1762 Ullrich
697 1720 848 1772 (Beitr.
893 1732 972 1761 zur
1012 1720 1134 1761 Erkl.
1182 1721 1257 1762 des
1295 1720 1436 1763 Thuk.
1476 1734 1515 1773 p.
1548 1722 1741 1775 12sqq,),
1784 1721 1852 1764 cui
1895 1723 1969 1764 ad-

196 1788 389 1830 sentitur
418 1788 643 1830 Schwartz
675 1789 716 1841 (l.
748 1790 775 1830 1.
806 1802 844 1840 p.
877 1789 988 1842 212),
1025 1788 1068 1830 in
1102 1800 1150 1831 eo
1182 1788 1374 1841 offendit,
1406 1791 1520 1841 quod
1552 1789 1841 1843 Thucydides,
1875 1803 1969 1832 cum

197 1856 432 1898 articulum
465 1861 710 1908 praeponat
750 1855 843 1897 τὸν
873 1855 1065 1909 πόλεμον
1104 1864 1189 1896 τῶν
1219 1856 1576 1912 Πελοποννησίων
1615 1857 1686 1898 καὶ
1716 1857 1967 1913 Ἀθηναίων,

197 1925 357 1966 1161111111
389 1925 516 1978 quasi
550 1925 787 1967 lectoribus
819 1930 967 1967 notum
999 1925 1202 1979 nominet,
1233 1925 1433 1979 quamvis
1465 1925 1575 1968 nihil
1608 1926 1693 1968 iam
1736 1930 1867 1969 antea
1900 1940 1969 1969 ac-

197 1994 395 2036 curatius
428 1995 480 2035 de
512 2006 560 2035 eo
599 1994 775 2035 dixerit.
846 1994 925 2035 Cui
966 1993 1141 2046 Kriiger
1182 2000 1226 2036 et
1258 1994 1439 2036 Classen
1480 1996 1757 2048 respondent,
1798 1995 1969 2049 Thucy—

197 2063 340 2105 didem
373 2065 450 2105 hoc
482 2063 713 2105 maximum
747 2063 866 2105 inter
887 2063 1223 2116 Peloponnesios
1255 2067 1300 2105 et
1323 2063 1615 2106 Athenienses
1647 2064 1807 2105 bellum
1841 2065 1967 2116 quasi

197 2132 372 2174 unicum
405 2137 450 2174 et
478 2130 570 2172 κατ’
604 2129 755 2186 ἐξοχήν
785 2131 964 2173 articuli
995 2136 1099 2173 nota
1122 2131 1331 2175 affecisse.
1393 2131 1477 2173 Sed
1503 2143 1587 2173 non
1610 2136 1729 2173 recte
1762 2131 1969 2174 dixerunt

196 2201 384 2252 utrique.
444 2201 577 2242 Immo
610 2200 788 2242 titulum
819 2200 1110 2253 praescripsit
1142 2200 1420 2253 Thucydides
1451 2200 1571 2252 operi
1603 2212 1692 2244 suo.
1722 2212 1805 2242 non
1837 2199 1969 2243 aliter

128 2298 131 2310 ,
198 2282 248 2312 60
279 2268 406 2310 Felix
437 2268 567 2310 Dahn
606 2281 710 2321 opus
752 2268 979 2320 inscripsit-
1028 2268 1161 2319 „Der
1202 2268 1367 2320 Kampf
1402 2280 1471 2310 um
1503 2268 1650 2320 Rom“‚
1691 2271 1741 2310 ut
1781 2280 1911 2310 unum
1944 2280 1967 2310 e

129 2329 131 2334 ’
197 2336 394 2390 plurimis
426 2342 602 2379 nostrae
636 2336 799 2378 aetatis
832 2337 1041 2389 exemplis
1076 2336 1335 2389 adscribam,
1366 2336 1441 2378 ubi
1462 2348 1586 2378 nemo
1617 2336 1814 2389 postulat
1845 2336 1966 2388 prius

197 2406 365 2459 exponi,
398 2418 526 2457 quam
559 2418 747 2458 pugnam
778 2405 822 2446 in
855 2405 1193 2463 animohabeat
1225 2409 1395 2457 auctor3
1437 2404 1482 2446 id
1514 2404 1627 2446 enim
1659 2416 1682 2446 e
1721 2403 1832 2446 libro
1873 2403 1967 2456 ipso

199 2473 484 2527 cognoscitur.
544 2473 708 2515 Eodem
738 2474 861 2515 modo
893 2470 915 2513 ὃ
938 2472 1127 2524 πόλεμος
1147 2479 1229 2512 τῶν
1251 2472 1609 2528 Πελοποννησίων
1639 2471 1711 2512 καὶ
1730 2471 1969 2526 Ἀθηναίων

196 2542 354 2584 titulus
387 2546 465 2595 est,
507 2554 589 2594 quo
622 2547 772 2584 auctor
818 2543 929 2583 bello
972 2541 1257 2584 describendo
1299 2554 1449 2583 nomen
1490 2541 1693 2594 imponit3
1744 2552 1868 2593 quem
1911 2541 1968 2583 ad

198 2610 376 2653 titulum
408 2615 595 2663 spectat,
627 2610 886 2662 ubicumque
917 2614 1070 2662 postea
1101 2610 1255 2652 scribit
1287 2605 1410 2658 οὗτος
1440 2611 1460 2649 ὁ
1492 2608 1693 2661 πόλεμος.

316 2679 511 2730 Denique
542 2678 652 2721 falso
696 2678 1019 2731 interpretatur
1061 2678 1239 2720 Classen
1282 2679 1419 2719 verba
1460 2676 1519 2726 ὡς
1559 2675 1830 2732 ἐπολέμησαν
1861 2675 1969 2730 πρὸς

200 2745 416 2801 ἀλλήλους,
451 2759 544 2788 cum
577 2747 752 2789 scribit:
797 2747 901 2800 „mit
933 2747 1081 2788 diesen
1116 2747 1181 2787 W.
1215 2746 1416 2789 verheisst
1448 2746 1526 2788 Th.
1569 2746 1667 2788 eine
1706 2745 1966 2788 wahrheits-

199 2820 379 2867 getreue
410 2815 739 2868 Da1·stellung“.
800 2815 845 2857 Si
878 2815 1156 2868 Thucydides
1187 2816 1267 2857 hoc
1288 2827 1371 2857 non
1395 2814 1590 2866 apertius
1620 2825 1760 2865 neque
1790 2812 1966 2855 facilius

201 2883 432 2925 intellectu
464 2883 610 2925 dicere
642 2883 869 2935 potuisset,
901 2883 994 2925 iure
1025 2883 1285 2925 miraremur
1315 2894 1455 2935 neque
1487 2881 1628 2924 minus
1668 2881 1780 2923 mira
1820 2883 1966 2923 essent

199 2954 245 2956 A
318 2974 340 3017 ¹)
367 2954 538 3008 Sffiiter
562 2973 601 3008 in
625 2974 855 3017 inscriptione
874 2974 996 3009 Attica
1021 2974 1190 3009 Eleusine
1215 2973 1365 3008 inventa
1381 2971 1768 3017 (Ι)ἰί;1;61111611161·8)*11.2
1782 2971 1841 3006 Nr.
1859 2970 1914 3014 20,
1931 2970 1966 3013 3)

200 3030 269 3064 viri
295 3030 355 3073 qui
381 3030 496 3074 legem
523 3030 729 3073 priusquam
757 3031 798 3064 de
826 3040 866 3065 ea
890 3031 1043 3074 populus
1077 3030 1155 3074 egit
1187 3030 1473 3072 conscripserunt
1496 3032 1715 3072 χσυγγραφές
1740 3027 1968 3071 appeuanmr

202 3097 392 3129 eorumque
418 3097 505 3130 opus
529 3089 760 3131 χωγγραᾳαί.
811 3088 853 3121 cf.
879 3087 1148 3131 Dittenbergeri
1175 3087 1255 3121 adn.
1283 3086 1327 3120 ad
1351 3086 1385 3120 h.
1409 3086 1433 3120 l.
