2061 3337
830 103 1102 145 „15—

84 222 225 264 ‘cicula
256 219 303 261 δέ
333 223 652 272 exspectamus.
713 215 881 258 Deinde
913 215 1046 257 etiam
1068 214 1157 256 illis
1180 213 1431 267 participiis
1452 213 1623 255 omnino
1646 224 1728 254 non
1751 215 1854 254 sunt

86 293 191 342 apta
221 288 315 341 (pro
347 287 394 328 δέ
434 286 626 328 scribere
668 283 719 340 δή
760 284 803 326 in
846 283 988 325 animo
1030 295 1126 325 esse
1163 283 1338 336 potest),
1379 294 1479 323 nam
1516 281 1559 322 in
1603 278 1853 332 participiis

86 355 272 409 νομίζων
302 361 347 398 et
379 354 429 396 οὐ
459 354 674 394 πιστεύων
705 354 757 394 de
790 352 920 394 rebus
950 355 1070 393 recte
1104 356 1181 392 aut
1211 350 1322 392 falso
1354 348 1598 401 descriptis,
1640 348 1683 389 in
1716 347 1854 400 parti-

87 425 198 478 cipio
228 423 492 479 ἡγησάμενος
523 427 668 464 autem
702 422 755 462 de
788 420 1042 462 inventione
1073 419 1226 461 harum
1270 429 1410 460 rerum
1455 417 1614 469 agitur.
1675 415 1770 469 Qua
1801 416 1854 457 de

87 505 221 536 causa
256 492 401 545 potius
442 489 724 543 participium
765 487 1029 543 ἡγησάμενος
1070 485 1306 538 participio
1353 484 1538 536 νομίζων
1576 484 1855 526 subiunctum

87 573 183 604 esse
237 565 614 612 exspectaremus,
659 557 705 598 id
761 557 873 608 quod
919 556 1083 597 factum
1135 567 1217 596 non
1274 566 1370 596 esse
1422 553 1640 605 particula
1697 550 1745 591 δέ
1784 552 1856 592 de—

87 634 315 671 monstrat.
375 626 459 669 Sed
491 627 619 668 adest
650 637 704 666 ex
734 626 817 666 hac
850 624 1114 665 difficultate
1157 622 1315 664 exitus.
1384 621 1542 663 Verbis
1584 621 1694 662 enim
1741 618 1856 674 ηὑρῆ-

89 699 197 738 σθαι
219 695 263 737 δὲ
284 695 549 750 ἡγησάμενος
569 693 656 733 κτλ.
690 693 911 735 contraria
933 696 1036 734 sunt
1067 692 1204 733 verba
1237 690 1548 732 antecedentia
1581 688 1682 728 ὄντα
1715 687 1855 738 ἀνεξέ-

89 767 242 820 λεγκτα
272 763 344 805 καὶ
374 764 426 803 τὰ
458 761 600 803 πολλὰ
631 758 716 802 ὑπὸ
757 759 912 814 χρόνοι·
954 758 1128 815 [αὐτῶν]
1147 759 1175 812 1)
1218 757 1412 807 ἀπίστως
1453 756 1525 798 ἐπὶ
1565 756 1613 797 τὸ
1654 755 1856 809 μυθῶδες

89 832 389 889 ἐκνενικηκότα.
405 832 438 886 ²)
498 831 617 885 Quod
652 830 689 872 si
721 842 743 871 e
785 829 923 871 nostri
968 828 1177 870 sermonis
1220 840 1299 869 usu
1333 827 1684 879 exprimeremus.
1725 825 1859 866 verba

90 899 311 958 ηὑρῆσθαι
337 900 422 941 κτλ.
455 900 603 942 verbis
634 897 734 939 ὄντα
766 896 1039 951 ἀνεξέλεγκτα
1061 895 1146 938 κτλ.
1179 897 1540 946 subiungeremus
1563 896 1677 936 hunc
1708 894 1751 935 in
1775 905 1859 935 mo—

89 972 209 1013 dum:
258 972 368 1022 „non
400 968 579 1021 errabit,
611 967 685 1019 qui
716 978 785 1008 res
817 967 1063 1017 descriptas
1104 965 1147 1007 (ἃ
1189 962 1387 1019 διῆλθον)
1429 964 1542 1005 tales
1584 963 1754 1014 (selu-aies
1787 963 1858 1003 de-

88 1038 244 1091 scripsi
275 1038 319 1079 in
352 1035 674 1089 archaeologia)
704 1034 940 1085 existimet,
973 1045 1113 1084 neque
1153 1032 1292 1084 magis
1325 1044 1398 1074 eas
1430 1032 1493 1072 ita
1526 1031 1663 1073 fuisse
1696 1031 1860 1081 credat,

88 1113 137 1150 ut
178 1110 333 1159 poetae
375 1105 710 1152 celebraverunt
752 1103 823 1144 vel
863 1101 1121 1154 logographi
1162 1103 1470 1151 narraverunt,
1512 1111 1623 1151 quae
1665 1111 1734 1140 res
1776 1110 1859 1140 non

88 1175 340 1228 probandae
362 1179 408 1216 et
438 1171 645 1224 temporis
663 1170 936 1223 longitudine
955 1172 1009 1211 ad
1031 1170 1225 1211 fabulam
1251 1170 1456 1210 redactae
1487 1175 1601 1220 sunt,
1633 1180 1728 1209 cum
1757 1163 1863 1208 illae

89 1256 141 1286 ex
174 1241 464 1295 apertissimis
497 1252 571 1293 pro
598 1230 826 1282 vetustate
859 1238 1128 1291 argumentis
1160 1237 1368 1279 inventae
1391 1237 1517 1278 sint.‘⁴
1582 1236 1860 1289 Thucydides

89 1323 192 1353 vero
210 1325 232 1352 e
250 1310 474 1352 sententia
492 1308 730 1350 subiuncta
748 1307 864 1348 redit
882 1308 936 1349 ad
956 1306 1220 1348 sententiam
1249 1305 1435 1347 solutam
1463 1305 1532 1346 vel
1561 1304 1705 1355 potius
1723 1303 1860 1355 parti-

91 1380 251 1432 cipium
274 1379 473 1430 solutum,
497 1378 608 1428 quod
632 1376 857 1418 coordinat
878 1375 1096 1427 prioribus
1119 1373 1379 1426 participiis,
1411 1374 1558 1414 eodem
1580 1373 1703 1413 modo
1727 1376 1881 1422 atque.

90 1449 135 1490 in
167 1447 313 1499 capite
345 1446 399 1498 X,
421 1448 447 1488 3
476 1446 523 1499 ἢν
555 1443 667 1492 εἰκὸς
698 1441 773 1484 ἐπὶ
803 1442 850 1484 τὸ
871 1441 1019 1495 μεῖζον
1049 1441 1123 1495 μὲν
1144 1440 1326 1497 ποιητὴν
1358 1440 1457 1481 ὄντα
1490 1446 1713 1495 κοσμῆσαι,
1746 1438 1863 1490 ὅμως

91 1515 137 1557 δὲ
169 1518 370 1571 φαίνεται
400 1513 471 1554 καὶ
504 1512 635 1561 οὕτως
656 1510 910 1565 ἐνδεεστέρα.
942 1511 1169 1553 Particula
1193 1509 1240 1550 δέ
1261 1515 1404 1552 autem
1439 1509 1553 1550 sicut
1586 1508 1629 1550 in
1653 1509 1798 1560 capite
1820 1507 1862 1548 X

91 1584 208 1637 ὅμως
238 1582 285 1624 δέ
314 1595 392 1636 pro
424 1587 573 1624 nostra
620 1581 921 1623 coniunctione
962 1579 1247 1632 subiungenti
1291 1582 1437 1631 „cum“
1483 1577 1727 1619 contrarias
1768 1587 1863 1617 esse

90 1655 170 1695 has
203 1652 450 1694 sententias
481 1650 714 1702 significat.
1434 1639 1439 1643 ”

206 1732 354 1773 Verba
375 1731 442 1771 καὶ
467 1729 488 1769 ὁ
510 1729 700 1781 πόλεμος
721 1724 855 1777 οὗτος,
888 1730 1044 1779 καίπερ
1076 1724 1117 1767 ἑν
1148 1723 1180 1779 ᾧ
1212 1725 1289 1777 μὲν
1319 1726 1371 1765 ἂν
1396 1724 1616 1776 πολεμῶσι
1650 1723 1722 1764 τὸν
1753 1738 1861 1776 παρ-

91 1800 189 1842 όντα
230 1798 295 1840 ἀεὶ
327 1801 525 1853 μέγιστον
555 1796 794 1850 κρινόντων,
828 1798 1111 1847 παυσαμένων
1144 1793 1189 1835 δὲ
1229 1793 1280 1834 τὰ
1313 1793 1469 1845 ἀρχαῖα
1500 1792 1661 1843 μᾶλλον
1694 1794 1863 1843 &crunct-

94 1868 268 1920 ζόντων,
302 1866 378 1908 ἀπ’
402 1866 542 1907 αὐτῶν
563 1873 646 1906 τῶν
667 1863 799 1919 ἔργων
821 1871 1028 1905 σκοποῦσι
1059 1862 1237 1918 δηλώσει
1260 1862 1375 1912 ὅμως
1405 1860 1564 1913 μείζων
1593 1874 1865 1915 γεγενημενος

95 1935 243 1984 αὐτῶν,
277 1948 388 1989 quae
421 1935 547 1977 initio
588 1933 748 1986 capitis
791 1933 877 1975 XX
919 1933 1180 1984 respondere
1222 1931 1423 1979 diximus,
1465 1943 1489 1971 a
1533 1930 1738 1971 (Fiasseno
1781 1941 1864 1970 non

96 2010 216 2047 recte
249 2004 538 2056 explicantur,
569 2003 645 2054 qui
676 2003 789 2044 hanc
811 2001 954 2043 inesse
978 2004 1105 2053 putat
1130 1999 1417 2041 sententiam:
1453 2010 1572 2049 ⁷.mea
1596 2008 1670 2042 (sc.
1694 1997 1864 2049 Thucy·

93 2074 225 2127 didis)
258 2072 363 2115 belli
397 2071 633 2124 descriptio
664 2070 923 2121 hominibus,
965 2069 1036 2120 qui
1071 2082 1093 2109 e
1124 2069 1254 2110 rebus
1286 2066 1394 2119 ipsis
1436 2066 1631 2108 iudicare
1674 2065 1865 2117 cupiant,

93 2141 413 2184 demonstrabit
443 2141 521 2182 hoc
562 2141 722 2182 bellum
764 2139 906 2180 maius
947 2137 1083 2179 fuisse
1125 2136 1386 2188 prioribus··.
1446 2135 1529 2177 Sed
1571 2136 1679 2176 haec
1719 2132 1864 2186 potius

92 2210 210 2251 inest
241 2209 484 2251 sententia:
521 2208 625 2258 „hoc
647 2208 808 2249 bellum
831 2207 971 2258 ipsum
994 2204 1253 2255 hominibus,
1275 2204 1534 2255 quicumque
1556 2203 1599 2243 in
1623 2214 1691 2244 res
1714 2209 1865 2253 gestas

213 2345 236 2389 ¹)
262 2345 479 2379 Herwerden
515 2344 614 2378 Staiil
650 2343 757 2386 Steup
791 2343 938 2377 verbum
973 2344 1091 2372 αὐτῶν
1124 2341 1244 2374 delent
1276 2344 1420 2382 propter
1446 2339 1572 2372 mirum
1603 2339 1786 2373 verborum
1814 2349 1865 2371 or-

95 2402 212 2436 dinem
245 2405 282 2436 et
306 2401 516 2435 inusitatam
550 2400 738 2434 verborum
765 2402 805 2430 τιὶ
833 2397 941 2430 πολλὰ
968 2399 1085 2429 αὐτῶν
1110 2396 1418 2440 compositionem:
1470 2395 1596 2439 „Aben
1623 2405 1681 2428 um
1710 2404 1779 2428 von
1805 2394 1867 2428 der

95 2458 308 2503 aut'ffilligen
334 2458 609 2501 Wortstellung‚
635 2457 692 2490 die
717 2456 790 2491 sich
817 2467 853 2490 so
880 2455 1035 2499 ergeben
1054 2454 1185 2497 wi'ude,
1212 2464 1304 2497 ganz
1331 2453 1544 2495 abzusehen,
1571 2451 1683 2485 findet
1710 2451 1784 2485 sich
1811 2450 1866 2485 bei

95 2516 160 2550 Th.
186 2526 230 2550 zu
255 2515 451 2558 partitiven
480 2513 736 2557 Appositionen
770 2517 869 2546 sonst
903 2512 1053 2555 uirgend
1088 2511 1144 2544 ein
1179 2509 1379 2553 derartiger
1404 2508 1556 2544 Genetiv
1591 2508 1864 2551 liin211g·efiigt.“

94 2572 218 2615 Neque
244 2572 356 2606 habeo
382 2581 536 2613 causam,
563 2581 634 2613 qua
661 2570 808 2604 verbum
835 2572 952 2600 αὐτῶν
978 2568 1153 2602 sustinere
1180 2578 1326 2610 possem.
1376 2565 1620 2600 Wilamowitz
1646 2564 1732 2598 mihi
1759 2564 1860 2598 addit

95 2629 240 2663 verbum
279 2630 396 2660 αὐτῶν
431 2638 471 2662 eo
507 2626 691 2670 irrepsisse
727 2636 837 2669 posse,
875 2626 967 2667 quod
1004 2624 1170 2658 librarius
1203 2634 1353 2667 sequeus
1388 2623 1533 2657 verbum
1575 2624 1728 2655 ἁσυίιῃυ,7
1759 2619 1866 2655 simili

95 2686 202 2720 verbo
226 2685 315 2719 falso
340 2684 607 2727 duplicavisset.

209 2754 236 2795 ²)
263 2753 382 2796 Steup.
409 2753 468 2796 qni
489 2756 584 2787 recte
603 2755 728 2785 contra
745 2751 951 2784 t'lassenum
972 2750 1058 2783 haee
1079 2749 1185 2783 verba
1212 2749 1255 2782 ad
1274 2748 1466 2780 ΞιϊιίἾμιιιιι
1492 2757 1605 2789 neque
1626 2747 1668 2780 ad
1696 2749 1868 2777 :nummu-

96 2810 325 2854 adiungenda
344 2820 418 2844 esse
436 2809 532 2851 dicit,
559 2813 679 2843 tamen
698 2818 767 2841 non
786 2810 879 2840 recte
898 2807 1048 2840 scribere
1067 2806 1154 2839 mihi
1174 2806 1334 2840 videtur:
1363 2807 1469 2847 „sirm
1489 2802 1715 2846 ‹21·÷S÷2.12y2m
1743 2806 1798 2834 καὶ
1815 2831 1820 2836 .
1837 2831 1843 2836 .
1861 2831 1866 2836 .

97 2867 339 2907 ἐκνενικηκότα
365 2866 465 2900 dient
490 2866 593 2907 damu,
619 2866 682 2899 das
707 2864 905 2898 Verfahren
933 2863 993 2897 der
1017 2861 1231 2905 Zujnnyyciqm
1259 2861 1312 2896 bis
1338 2872 1380 2895 zu
1407 2862 1520 2896 einen}
1549 2860 1726 2904 gewisseu
1752 2860 1867 2894 Grade

98 2922 287 2956 erklarlich
313 2922 518 2956 erscheiuen
544 2933 587 2955 zu
614 2921 762 2955 lassen.“
821 2919 898 2953 Non
925 2919 1017 2953 enim
1045 2918 1237 2957 excusatio,
1264 2919 1325 2952 sed
1353 2917 1531 2951 accusatio
1556 2917 1868 2961 logographorum,

97 2988 211 3021 neque
237 2989 354 3021 causa,
388 2979 448 3013 sed
483 2978 676 3012 affirmatio
710 2976 914 3011 adversaria
949 2976 1065 3009 verbis
1100 2976 1291 3008 §vrb-‘'wm-
1328 2976 1381 3005 ε-’,Ἶὶ
1422 2976 1801 3016 ri)5791an'mydngmr
1831 2979 1865 3013 τῇ

98 3037 262 3077 ἀκροάσει
290 3035 305 3076 ἶ,
334 3034 573 3077 ἀληθέστερον
598 3035 691 3068 inest
717 3034 770 3068 his
797 3033 924 3068 verbis.
