2061 3337
937 141 1219 182 —39-

188 254 395 309 πατρικαὶ
424 255 661 308 βασιλεῖαι·
708 255 880 294 ναυτικά
923 267 968 294 τε
1007 250 1228 309 ἐξηρτύετο
1275 252 1295 306 ἡ
1329 252 1473 302 Ἑλλὰς
1512 253 1583 293 καὶ
1624 260 1700 309 τῆς
1736 253 1962 309 θαλάσσης

188 321 352 375 μᾶλλον
383 321 639 375 ἀντείχοντο.

304 390 443 444 Quam
466 392 519 433 ad
552 391 817 433 sententiam
840 389 1066 432 Schwartz
1087 390 1113 432 l.
1134 391 1159 432 l.
1183 403 1221 442 p.
1252 391 1334 431 212
1362 391 1557 442 adnotat,
1588 390 1682 432 fieri
1706 403 1790 432 non
1824 403 1961 444 posse,

173 463 240 501 ut
280 459 479 512 genetivi
527 459 717 501 absoluti
756 464 826 513 τῆς
857 457 1056 507 Ἑλλάδος
1088 491 1097 500 .
1129 493 1135 499 .
1169 492 1176 499 .
1217 465 1301 504 τῶν
1342 459 1567 513 χρημάτων
1607 458 1678 512 τὴν
1707 465 1853 514 κτῆσιν
1896 456 1960 499 ἔτι

189 526 351 579 μᾶλλον
383 524 405 579 ἣ
437 526 648 581 πρότερον
676 529 936 581 ποιουμένης
967 532 1011 568 et
1040 533 1124 566 τῶν
1170 525 1398 580 προσόδιον
1437 525 1647 578 μειζόνων
1687 529 1959 580 γιγνομένων,

191 607 368 648 quorum
401 599 587 647 uterque
615 597 796 637 eandem
829 595 921 636 fere
952 607 1041 636 rem
1074 595 1311 647 contineat⁷
1345 620 1392 623 —
1429 607 1514 646 qua
1547 596 1598 636 de
1621 607 1754 637 causa
1786 595 1961 647 Kriiger

190 666 235 706 et
284 663 554 705 Herwerden
600 665 835 705 secundum
892 675 968 715 pro
1024 663 1287 715 glossemate
1332 663 1497 705 habent
1543 687 1597 691 —
1654 664 1778 705 ambo
1827 663 1960 705 verbo

188 732 451 771 καθίσταντο
484 731 797 784 adiungantur,
829 731 980 782 itaque
1012 731 1247 772 secundum
1279 731 1413 772 verbo
1456 728 1676 786 ἐξηρτύετο
1720 731 1960 784 adiungen-

191 800 291 841 dum
323 811 441 851 esse3
483 801 560 841 sed
601 811 694 841 cum
735 800 816 841 hoc
861 799 1067 851 genetivo
1111 799 1308 840 absoluto
1344 799 1622 850 parenthesis
1663 798 1874 852 πρότερον
1916 797 1962 840 δὲ

193 863 297 921 ἦσαν
319 865 395 908 ἐπὶ
426 867 568 922 ῥητοῖς
593 869 740 921 γέρασι
771 866 979 920 πατρικαὶ
999 866 1211 917 βασιλεῖαι
1244 880 1268 908 a
1293 868 1424 909 verbo
1457 879 1533 908 suo
1564 868 1824 908 καθίσταντο
1847 869 1960 910 male

189 937 507 989 seiungeretur‚
538 937 652 978 hunc
682 935 933 988 genetivum
959 936 1207 977 absolutum
1238 942 1358 977 recto
1391 936 1480 977 loco
1515 936 1703 987 positum
1727 948 1809 978 non
1843 947 1960 985 esse3

190 1017 338 1047 carere
370 1005 510 1057 igitur
540 1005 652 1046 hanc
683 1003 949 1046 sententiam
982 1005 1090 1045 bono
1122 1003 1283 1045 ordine.
1345 1002 1467 1056 Quae
1509 1004 1768 1046 offensiones
1809 1016 1958 1056 super—

187 1085 409 1115 vacaneae
432 1076 547 1119 sunt,
581 1085 675 1114 cum
699 1073 928 1113 verborum
953 1071 1121 1113 tradita
1144 1071 1397 1123 compositio
1421 1073 1531 1113 bene
1564 1072 1776 1124 explicari
1808 1072 1960 1124 possit.

189 1141 298 1183 Nam
329 1141 565 1193 genetivus
597 1140 823 1182 absolutus
861 1146 944 1179 τῶν
975 1138 1202 1193 προσόδιον
1241 1138 1446 1191 μειζόνων
1487 1142 1743 1193 γιγνομένων
1785 1153 1960 1182 causam

190 1208 316 1251 affert
347 1209 577 1251 verborum
622 1207 674 1248 τὰ
719 1207 858 1248 πολλὰ
897 1206 1138 1261 τυραννίδες
1179 1205 1223 1248 ἐν
1268 1214 1363 1257 ταῖς
1406 1207 1552 1248 πόλεσι
1593 1210 1873 1256 καθίσταντο,
1915 1208 1960 1250 id

190 1278 302 1329 quod
334 1280 453 1319 recte
485 1277 571 1319 iam
603 1277 767 1319 scholia
813 1277 984 1318 dicunt:
1033 1275 1172 1316 αἰτίαν
1213 1275 1324 1330 λέγει
1367 1283 1451 1316 τῶν
1495 1275 1766 1329 τυραννίδων,
1808 1276 1961 1329 itaque

188 1346 321 1387 verbo
353 1346 614 1385 καθίσιαντο
647 1349 745 1386 arte
777 1344 1082 1396 adiungendus
1115 1348 1195 1387 est.
1256 1344 1500 1387 Genetivus
1523 1345 1752 1387 absolutus
1776 1342 1959 1384 δυνατω-

190 1415 316 1467 τέρας
348 1412 392 1454 δὲ
439 1414 685 1467 γιγνομένης
729 1418 801 1467 τῆς
841 1411 1040 1462 Ἑλλάδος
1075 1412 1147 1452 καὶ,
1187 1419 1270 1452 τῶν
1317 1414 1545 1467 χρημάτων
1588 1412 1662 1467 τὴν
1708 1419 1853 1468 κτῆσιν
1899 1410 1963 1452 ἔτι

190 1479 405 1534 μᾶλλονῆ
445 1481 653 1535 πρότερον
694 1482 952 1535 ποιουμένης
998 1481 1080 1523 toti
1129 1481 1377 1523 sententiae
1423 1485 1724 1533 praescriptus
1767 1481 1963 1523 continet

190 1551 419 1603 generales
452 1550 573 1592 illius
606 1549 769 1591 aetatis
802 1549 1086 1601 condiciones,
1118 1561 1230 1601 quae
1263 1555 1364 1591 sunt
1398 1562 1555 1591 causae
1579 1551 1761 1591 duarum
1795 1549 1961 1601 specia-

187 1618 294 1661 lium
341 1617 650 1670 condicionum,
697 1630 806 1669 quae
853 1618 1046 1659 auctoris
1093 1617 1329 1669 praecipue
1377 1617 1618 1669 intersunt,
1676 1625 1959 1671 tyrannorum

189 1691 369 1739 propter
396 1686 639 1739 vectigalia
661 1690 782 1728 ortus
805 1690 850 1727 et
871 1698 1127 1738 magnarum
1151 1686 1356 1728 classium
1390 1698 1621 1737 rerumque
1645 1685 1962 1727 maritimarum

192 1759 356 1798 auctus,
415 1754 606 1807 Quarum
640 1755 896 1806 specialium
929 1754 1227 1796 condicionum
1260 1756 1452 1796 secunda
1485 1754 1693 1796 adiuncta
1726 1760 1793 1795 est
1826 1753 1962 1806 parti-

192 1823 290 1865 cula
320 1825 374 1875 τέ,
406 1836 491 1875 qua
523 1835 611 1864 rem
645 1823 879 1875 praecipue
902 1823 1223 1864 memorabilem
1246 1823 1466 1874 prioribus
1500 1822 1680 1874 adiungi
1716 1822 1797 1864 iam
1832 1834 1963 1874 supra

145 1907 152 1912 “
191 1891 235 1933 in
267 1905 305 1944 p.
339 1893 390 1932 27
423 1891 768 1933 memoravimus.
830 1891 988 1942 Itaque
1021 1890 1056 1931 si
1088 1890 1241 1942 lingua
1272 1890 1435 1932 Latina
1467 1890 1713 1932 sententias
1751 1890 1963 1932 vertimus

191 1959 413 2013 (similiter
445 1964 577 2012 atque
609 1959 653 2001 in
686 1959 831 2011 capite
854 1959 945 2012 IV),
976 1960 1087 2000 hanc
1109 1960 1317 2001 habemus
1340 1958 1712 2011 compositionem:
1749 1958 1964 2010 „Graecia

191 2028 436 2080 potentiore
469 2031 514 2069 et
546 2027 752 2069 divitiore
783 2026 904 2070 facta
937 2040 1029 2069 cum
1063 2031 1242 2080 propter
1272 2027 1513 2079 vectigalia
1546 2027 1770 2079 potentiae
1812 2031 1963 2079 tyran-

191 2108 337 2138 norum
372 2100 610 2147 orerentur,
642 2108 779 2137 naves
811 2097 958 2148 plures
991 2096 1342 2137 aedificabantur
1363 2108 1518 2146 resque
1542 2095 1790 2136 maritimae
1822 2093 1962 2146 magis

191 2165 483 2206 colebantur.“
545 2164 714 2217 Quibus
747 2165 799 2206 de
831 2164 1046 2206 classibus
1079 2165 1236 2206 deinde
1268 2163 1533 2216 explicatius
1567 2163 1661 2215 agit
1683 2162 1962 2215 Thucydides

191 2232 411 2284 capitibus
443 2232 568 2284 XIII,
601 2232 805 2274 2—X1V.

305 2300 437 2343 Cuius
469 2300 776 2353 explicationis
808 2304 898 2342 tres
931 2304 1033 2342 sunt
1066 2305 1225 2352 partes,
1258 2300 1414 2351 quibus
1445 2300 1682 2340 secundum
1724 2304 1961 2349 temporum

191 2369 385 2410 ordinem
419 2370 470 2410 de
503 2369 702 2410 maximis
725 2369 971 2421 quibusque
993 2368 1206 2410 classibus
1239 2367 1398 2420 agitur,
1432 2367 1615 2418 primum
1646 2368 1697 2408 de
1721 2365 1963 2408 Corinthio-

191 2450 284 2479 rum
318 2439 458 2480 classe
489 2437 650 2490 capitis
672 2436 785 2486 XIII
809 2437 1103 2489 paragraphis
1126 2437 1249 2481 2—5.
1282 2436 1437 2477 deinde
1462 2437 1512 2476 de
1536 2435 1690 2477 Jonum
1716 2434 1962 2487 Polycratis

191 2505 482 2548 Phocaeorum
527 2505 739 2547 classibus
780 2505 1059 2557 paragrapho
1101 2508 1126 2545 6
1168 2508 1213 2546 et
1255 2504 1414 2555 capitis
1446 2503 1551 2544 XIV
1594 2503 1732 2554 initio,
1775 2507 1866 2543 tum
1910 2503 1963 2543 de

192 2576 476 2626 tyrannorum
524 2573 763 2615 Siculorum
811 2578 852 2614 et
902 2572 1237 2625 Cercyraeorum
1286 2572 1501 2613 classibus
1557 2583 1692 2622 usque
1735 2571 1787 2611 ad
1835 2570 1962 2610 finem

195 2641 355 2694 capitis
388 2641 506 2684 XIV.

308 2709 552 2751 Corinthios
598 2709 878 2763 Thucydides
924 2716 1074 2750 narrat
1124 2709 1283 2760 primos
1326 2709 1488 2749 classes
1543 2707 1785 2748 recentiore
1842 2707 1964 2747 modo

195 2778 452 2820 aedificatas
470 2777 553 2819 sibi
578 2778 816 2829 paravisse,
839 2782 881 2818 et
899 2777 1023 2818 addit
1043 2776 1102 2818 ibi
1122 2776 1284 2828 primas
1302 2776 1502 2817 triremes
1521 2787 1655 2816 naves
1687 2774 1968 2816 exstitissem

311 2892 336 2935 ¹)
362 2891 471 2926 Recte
491 2892 636 2925 Classen
657 2891 890 2925 recentiorum
910 2890 1066 2924 codicum
1087 2889 1272 2923 lectionem
1293 2890 1486 2930 {17711271'524
1496 2889 1601 2928 θῆναι
1617 2898 1679 2930 pro
1699 2899 1850 2929 uun-1471,
1860 2888 1964 2926 :mm

195 2947 298 2982 reicit
320 2947 375 2982 his
400 2948 535 2983 verbis:
565 2947 692 2991 „Nicht
720 2947 1027 2990 &svau-argyri&firm
1056 2947 1120 2980 mit
1147 2946 1260 2980 einem
1289 2945 1366 2979 Teil
1392 2945 1454 2979 der
1480 2944 1769 2982 Handsvhriftem
1804 2944 1865 2977 das
1901 2953 1967 2976 nur

195 3003 258 3037 auf
282 3003 338 3038 ein
371 3015 466 3048 ganz
498 3005 720 3039 bestimmtes
754 3005 876 3046 Lokal,
912 3003 1009 3037 nicht
1048 3003 1102 3037 die
1141 3002 1354 3046 allgemeine
1393 3002 1497 3036 Notiz
1532 3016 1568 3033 Η·
1606 3000 1774 3043 Rupis-‘hp
1808 3000 1965 3039 bezogren

196 3061 337 3094 werden
363 3061 517 3096 konnte“
546 3062 601 3105 (cf.
627 3071 735 3104 supra
760 3072 790 3103 p.
820 3061 862 3094 10
887 3061 990 3094 adnn.
