2061 3337
872 125 1154 166 -43-

120 241 237 283 hunc
267 239 380 281 enim
422 238 468 280 in
505 250 676 281 sensum
717 239 873 280 cedere
915 239 1094 279 verbum
1126 244 1305 277 τοιαῦτα
1347 250 1369 279 6
1400 238 1532 279 verbo
1564 236 1679 289 ὅμως
1721 238 1888 279 conclu-

121 308 309 357 dendum
341 319 437 349 esse
468 306 554 349 iam
587 307 761 358 Kriiger
791 305 900 347 dicit
931 330 997 358 —,
1029 310 1175 347 tamen
1218 318 1289 348 eos
1321 318 1399 358 per
1439 305 1638 358 singulas
1679 305 1889 347 civitates

120 375 394 428 aliquantam
427 375 510 417 sibi
542 374 773 427 paravisse
804 377 1083 426 potestatem.

237 443 405 485 Deinde
444 443 575 493 rebus
616 441 847 484 maritimis
887 440 1057 484 relictis
1107 444 1384 494 paragrapho
1425 444 1449 483 2
1502 443 1618 484 bella
1658 441 1890 484 terrestria

122 523 261 563 neque
293 524 451 562 magna
493 523 632 563 neque
664 510 917 562 communia,
958 511 1032 551 sed
1077 509 1264 551 finitima
1305 514 1475 552 tantun]
1520 510 1657 552 fuisse
1700 510 1890 562 exponit.

121 580 268 622 Huius
298 579 569 632 paragraphi
600 580 708 620 11666
740 582 808 620 est
840 578 1105 620 exstructio:
1136 579 1277 630 prima
1317 579 1541 620 sententia
1573 584 1723 620 auctor
1754 582 1889 629 negat

122 648 280 690 bellum
312 648 390 690 illo
431 652 623 699 tempore
663 647 813 696 fuisse,
854 647 967 688 unde
999 650 1195 698 potestas
1236 659 1393 698 magna
1436 648 1694 700 oreretur1),
1735 647 1890 688 deinde

123 716 243 758 cuius
275 715 385 758 modi
418 716 533 757 bella
554 718 681 767 gesta
712 714 890 766 fuerint,
921 714 1101 766 exponit
1123 714 1348 756 sententia
1372 715 1604 767 bipertita:
1636 721 1764 766 gesta
1796 727 1890 757 esse

122 784 238 826 bella
269 784 468 836 finitima,
501 795 639 835 neque
672 782 913 824 communia
943 787 1138 834 externa,
1179 783 1301 824 cuius
1339 783 1403 824 rei
1436 795 1593 824 causae
1636 784 1746 825 duae
1790 785 1891 825 affe-

121 858 291 903 runtur,
323 853 435 904 quod
466 860 615 904 neque*
637 851 839 893 maximis
880 851 1051 903 oppidis
1092 851 1316 893 subiuncti
1357 864 1495 902 neque
1539 851 1735 893 universi
1775 851 1892 893 inter

121 931 167 961 se
199 932 329 972 pares
361 920 580 961 coniuncti
611 919 810 961 fuissent.
881 919 1080 971 Denique
1123 932 1234 971 quae
1275 920 1540 971 gravissima
1581 919 1707 961 huius
1749 920 1891 971 partis

119 988 342 1030 sententia
376 993 484 1041 erat,
515 987 705 1029 Graecos
734 986 920 1029 finitima
942 990 1116 1029 tantum
1141 988 1257 1029 bella
1278 988 1472 1040 gessisse
1493 988 1710 1040 repetitur
1742 988 1891 1029 addito

120 1056 392 1109 paragraphi
432 1057 458 1098 3
500 1056 695 1107 exemplo
737 1055 841 1097 belli
882 1055 1057 1097 finitimi
1099 1055 1275 1097 maximi
1320 1056 1669 1097 Chalcidensium
1712 1061 1755 1097 et
1788 1056 1890 1098 Ere-

120 1123 315 1166 triorum.

235 1193 471 1244 Postquam
514 1197 559 1235 et
601 1194 653 1235 de
694 1193 825 1234 rebus
865 1191 1099 1234 maritimis
1151 1198 1194 1234 et
1242 1193 1294 1234 de
1336 1193 1622 1234 terrestribus
1664 1193 1893 1245 iudicavit,

122 1260 401 1314 Thucydides
434 1261 653 1314 capitibus
685 1261 791 1302 XVI
820 1265 863 1302 et
885 1260 1017 1302 XVII
1049 1273 1205 1303 causas
1229 1261 1359 1302 affert
1390 1262 1512 1312 duas,
1544 1262 1700 1313 quibus
1732 1274 1891 1313 magna

122 1341 225 1380 pars
272 1329 536 1372 Graecorum
581 1329 795 1382 impedita
839 1329 996 1382 fuerit,
1042 1342 1095 1370 ne
1140 1333 1388 1381 augeretur.
1469 1330 1672 1371 Consulto
1715 1330 1891 1382 scripsit

118 1393 376 1451 ἐπεγένετο,
410 1399 523 1440 1111(16
547 1402 761 1450 appareat
784 1410 829 1439 se
853 1398 1013 1439 addere
1044 1398 1150 1439 haec
1172 1397 1486 1450 impedimenta
1517 1398 1618 1439 aliis
1641 1398 1725 1439 iam
1760 1402 1892 1440 antea

120 1466 342 1518 capitibus
373 1465 524 1508 XIII-
550 1466 632 1507 XV
655 1465 904 1516 nominatis,
936 1466 1112 1508 navium
1138 1466 1421 1508 armamentis
1454 1468 1640 1508 nondum
1672 1466 1892 1518 perfectis,

122 1533 420 1586 potestatibus
469 1536 524 1577 ad
571 1535 747 1586 singula
794 1534 954 1586 oppida
1000 1535 1202 1576 redactis.
1283 1535 1403 1576 Haec
1450 1536 1531 1576 duo
1582 1535 1892 1586 impedimenta

121 1603 280 1655 gravia
311 1604 489 1645 fuerunt
522 1604 754 1645 Persarum
789 1615 915 1654 reges
947 1602 1085 1656 Cyrus
1117 1606 1162 1644 et
1189 1602 1370 1654 Dareus,
1402 1603 1475 1655 qui
1506 1602 1685 1645 Ionibus
1718 1602 1891 1645 insulis-

121 1682 206 1722 que
238 1676 491 1723 nocuerunt,
522 1676 566 1713 et
599 1671 788 1726 tyranni,
820 1671 893 1723 qui
926 1671 1010 1713 sibi
1043 1675 1087 1712 et
1120 1671 1309 1723 ipsorum
1343 1671 1485 1713 domui
1528 1671 1709 1723 quisque
1750 1671 1891 1723 provi-

124 1739 289 1781 debant
306 1739 349 1793 ²).
408 1739 504 1792 Qua
536 1741 589 1782 de
621 1752 755 1782 causa
786 1739 1066 1793 Thucydides
1098 1740 1178 1781 has
1211 1740 1320 1781 duas
1353 1751 1422 1781 res
1455 1739 1668 1791 imprimis
1700 1740 1893 1781 1101111116-

123 1807 252 1860 verit,
283 1812 470 1860 apparet
501 1821 523 1850 e
556 1808 716 1860 capitis
746 1808 903 1849 XVIII
934 1807 1082 1849 initio:
1114 1807 1182 1849 his
1214 1808 1327 1849 enim
1361 1808 1684 1860 impedimentis
1715 1808 1893 1849 remotis

122 1875 359 1927 expeditae
389 1888 460 1918 res
483 1877 679 1918 Graecae
712 1888 906 1918 crescere
938 1880 1144 1928 poterant
1175 1888 1310 1929 usque
1344 1877 1398 1918 ad
1430 1889 1613 1929 magnas
1645 1876 1749 1917 belli
1773 1877 1892 1918 Pelo-

123 1944 374 1996 ponnesiaci
405 1948 660 1996 potestates.
721 1945 868 1986 Verba
900 1942 939 1983 οἱ
971 1943 1050 1997 γὰρ
1071 1941 1115 1984 ἐν
1142 1944 1313 1998 Σικελίᾳ
1344 1943 1418 1984 ἐπὶ
1440 1943 1644 1984 πλεῖστον
1675 1943 1895 1999 ἐχώρησαν

122 2010 343 2064 δυνάμεως
383 2014 582 2055 11061060
624 2014 811 2055 delenda
853 2024 948 2054 esse
991 2017 1177 2064 apparet
1218 2024 1450 2064 omnesque
1491 2013 1895 2065 interpretationes,

123 2080 282 2132 quibus
312 2080 398 2122 viri
430 2081 546 2123 docti
578 2093 630 2122 ea.
662 2093 840 2123 servare
873 2081 1019 2122 conati
1050 2084 1162 2133 sunt,
1194 2081 1443 2123 reiciendae
1466 2085 1579 2132 sunt,
1610 2081 1655 2122 id
1688 2082 1799 2132 quod
1832 2081 1894 2123 di-

124 2148 314 2200 ligenter
343 2148 452 2191 fecit
483 2148 619 2201 Steup
644 2150 832 2202 Anhang
854 2163 891 2202 p.
914 2149 1009 2191 349.
1071 2148 1154 2191 Sed
1185 2149 1290 2190 mihi
1322 2149 1496 2201 quidem
1528 2149 1894 2192 verisimillimum

124 2216 314 2269 videtur,
345 2218 459 2259 hanc
490 2217 815 2260 adnotationem
850 2230 875 2259 a
906 2217 1163 2271 Thucydide
1194 2218 1288 2270 ipso
1320 2225 1420 2263 (non
1453 2231 1478 2259 a
1505 2219 1667 2259 lectore
1699 2219 1895 2270 quodam,

245 2366 268 2406 ¹)
294 2366 412 2401 Verba.
437 2364 585 2408 πόλεμος
608 2366 697 2398 §ster
722 2379 770 2401 us
801 2368 859 2397 καὶ
884 2364 1029 2407 δύναμις
1054 2368 1265 2409 παρεγίνετο
1291 2365 1434 2410 Kriiger
1466 2369 1503 2400 et
1528 2366 1674 2399 Classen
1708 2365 1759 2400 ita
1786 2365 1895 2400 inter-

125 2423 260 2466 pretati
285 2427 381 2466 sunt,
407 2428 448 2458 ut
472 2421 618 2464 δύναμις
643 2424 685 2458 (16
712 2423 821 2466 copiis
846 2423 1001 2457 militum
1027 2423 1312 2466 intellegeretur,
1347 2433 1436 2465 quae
1464 2423 1505 2456 ab
1532 2422 1652 2465 aliqua
1677 2422 1826 2456 civitate
1852 2423 1896 2457 ad

126 2479 258 2514 bellum
286 2480 461 2514 adductae
480 2485 610 2514 essent.
659 2479 772 2522 Quam
792 2479 1125 2522 interpretationem
1145 2479 1254 2522 Steup
1275 2482 1367 2512 recte
1386 2482 1571 2522 propterea
1591 2478 1776 2521 refutavit,
1803 2479 1895 2521 quod

127 2546 146 2570 e
171 2536 358 2571 contrariis
382 2537 500 2571 verbis
518 2536 813 2572 antecedentibus
838 2537 934 2576 ἰσχὺν
958 2539 1252 2578 περιεποιήσαντο
1285 2538 1345 2566 οὐκ
1371 2533 1554 2576 ἐλιιχίσιςν
1588 2540 1757 2578 appareat
1790 2535 1832 2569 de
1859 2535 1895 2568 vi

128 2603 170 2627 ac
194 2596 373 2636 potestate
399 2593 558 2628 civitatis
583 2596 762 2627 auctorem
790 2592 1006 2636 cogitavisse
1036 2597 1082 2636 et,
1115 2592 1145 2626 si
1171 2593 1212 2626 de
1238 2592 1347 2635 copiis
1380 2593 1577 2635 cogitatum
1612 2596 1715 2634 esset,
1750 2592 1896 2626 dativus

128 2649 215 2693 eius,
241 2650 298 2684 6111
322 2649 535 2693 adfuissent,
569 2649 840 2684 desideraretur.
890 2649 966 2683 Hac
990 2649 1120 2683 ultima
1148 2649 1191 2683 de
1217 2660 1324 2684 causa
1350 2653 1443 2684 recte
1471 2649 1578 2683 etiam
1606 2648 1791 2682 Tournieri
1817 2659 1896 2684 con-

128 2706 300 2742 iecturam
334 2708 584 2749 περιεγέιέιο
611 2717 631 2741 a
664 2706 800 2741 Stahlio
831 2709 866 2740 et
898 2705 1018 2740 Hudio
1056 2710 1236 2748 acceptam
1272 2706 1403 2741 reiecit.
1466 2706 1593 2748 Itaque
1627 2716 1704 2739 cum
1742 2716 1896 2748 compro-

130 2764 246 2798 banda
270 2764 344 2798 fere
370 2763 554 2798 videretur
579 2762 716 2806 Steupii
741 2763 854 2806 ipsius
879 2762 1070 2806 sententia,
1105 2763 1165 2805 qui
1198 2763 1375 2797 communi
1403 2763 1500 2797 verbi
1535 2762 1816 2805 :myas'istm-‘Im
1852 2762 1897 2796 si-

129 2820 362 2865 gnificatione
390 2831 455 2864 „zu
477 2820 540 2854 teil
558 2819 720 2854 werden“
748 2823 891 2862 accepta
913 2819 1076 2854 dativum
1103 2819 1206 2853 facile
1232 2819 1383 2863 cogitari
1410 2830 1510 2862 posse
1536 2819 1674 2853 censuit
1700 2819 1774 2852 sive
1800 2817 1896 2850 πόλει

131 2877 216 2919 sive,
243 2877 336 2920 quod
356 2887 422 2921 ego
441 2877 647 2914 malueram,
667 2879 732 2907 τινὶ
751 2876 950 2919 supplebas,
977 2886 1097 2910 omnes
1115 2876 1263 2910 sustulit
1281 2875 1524 2910 Wilamowitz
1547 2875 1792 2917 difficultates,
1819 2885 1898 2909 cum

130 2933 217 2967 mihi
244 2933 433 2977 adscripsit
457 2933 516 2967 diu
545 2934 610 2968 sibi
636 2943 844 2977 persuasum
871 2943 957 2975 esse,
984 2944 1046 2976 pro
1077 2936 1121 2967 ri>-
1146 2933 1369 2967 scribendum
1396 2943 1472 2967 esse
1501 2935 1574 2965 nni.

245 2991 273 3031 ²)
298 2991 340 3025 In
366 2991 482 3034 capite
508 2990 613 3024 XVII
638 2991 776 3025 duobus
799 2990 885 3025 locis
910 2990 973 3024 vix
998 2990 1149 3024 discerni
1176 2994 1304 3032 potest,
1331 2994 1451 3024 utrum
1480 2991 1514 3020 vri
1540 3000 1585 3023 an
1612 2986 1649 3020 ὸὲ
1675 2989 1898 3023 scribendum

131 3047 190 3081 sit.
238 3047 392 3082 Scribam
419 3058 497 3082 cum
523 3047 668 3091 Steupio
697 3048 851 3088 -queetos
877 3045 922 3078 δέ
948 3050 984 3081 et
1008 3049 1173 3089 τύραννοί
1199 3059 1253 3081 τε.
