2061 3337
803 149 1054 188 -9-

45 265 182 306 verba
211 263 315 305 libri
347 263 384 304 V
419 262 579 315 capitis
601 260 752 303 XXVI
774 259 826 300 τὰ
856 256 1009 300 ἔπειτα
1032 257 1089 307 ὡς
1120 256 1368 313 ἐπολεμήθη
1400 254 1670 311 ἐξηγήσομαι.
1730 255 1815 298 Sed

46 344 95 375 eo
126 331 305 374 consilio
337 331 544 373 ambobus
585 329 691 372 locis
723 328 1003 382 Thucydides
1046 326 1227 379 scripsit
1264 327 1372 368 haec
1414 326 1560 377 verba,
1601 328 1649 367 ut
1691 336 1815 366 accu-

44 399 187 443 ratius
217 398 486 452 propositum
518 397 972 440 circumscriberetur:
1005 407 1052 437 se
1083 407 1167 437 non
1199 394 1285 436 nisi
1317 406 1387 436 res
1408 395 1489 435 hoc
1521 393 1633 435 bello
1665 395 1815 444 gestas

44 467 308 510 traditurum
343 479 451 509 esse.

160 535 439 589 Thucydides
470 538 699 587 postquam
733 546 779 576 se
810 533 974 575 litteris
1006 531 1286 574 mandavisse
1310 530 1480 582 bellum,
1513 530 1623 582 quod
1656 530 1816 571 bellum

44 604 454 657 Peloponnesiorum
495 606 539 645 et
571 601 904 644 Atheniensium
936 600 1144 646 nominat,
1175 611 1315 651 neque
1347 598 1432 640 alio
1465 609 1511 640 se
1542 596 1815 650 spectavisse

45 685 174 725 quam
206 673 262 715 ad
292 671 412 724 ipsas
442 683 514 713 res
545 671 590 713 in
620 671 734 712 bello
765 673 916 722 gestas
948 667 1246 721 praescripsit,
1288 668 1341 708 de
1373 666 1540 719 origine
1572 665 1715 717 operis
1748 665 1816 707 sui

45 740 235 793 exponit,
257 739 301 782 id
323 741 437 792 quod
458 743 637 781 nostrae
670 737 835 780 aetatis
858 742 1009 779 auctor
1031 735 1351 789 praefationem
1374 735 1590 786 appellat:
1622 734 1816 785 coepisse

45 821 92 852 se
123 808 396 851 conscribere
427 820 533 861 opus
565 806 717 849 statim
748 806 878 848 initio
901 805 1015 858 belli,
1047 817 1140 846 cum
1173 804 1254 845 hoc
1273 802 1435 845 bellum
1456 802 1597 844 maius
1620 801 1817 844 omnibus

46 881 178 920 antea
194 877 333 930 gestis
355 876 446 918 fore
469 878 758 928 exspectaret.
819 874 912 916 Hoc
927 874 1019 916 loco
1041 876 1160 914 recte
1182 883 1326 913 omnes
1348 870 1617 922 interpretes
1640 874 1818 921 praeter

45 946 390 988 Herwerdenum
439 949 485 986 et
535 943 783 996 Steupium,
834 954 1013 994 quorum
1060 942 1174 982 alter
1223 940 1486 991 particulam
1542 940 1614 978 καί
1659 940 1817 992 delere,

48 1015 162 1057 alter
193 1013 470 1066 sententiam,
502 1025 629 1064 quam
667 1024 745 1053 nos
776 1011 986 1053 habemus
1018 1009 1063 1050 in
1095 1009 1229 1050 verbo
1273 1007 1474 1060 „etiam'·‘,
1516 1007 1712 1048 subicere
1744 1018 1816 1048 vo-

46 1083 144 1135 luit,
184 1080 422 1135 participia
454 1079 690 1134 ἀρξάμενος
720 1078 789 1119 καὶ
827 1076 1021 1130 ἐλπίσας,
1062 1089 1321 1129 quamquam
1362 1076 1599 1117 secundum
1641 1087 1817 1117 causam

47 1151 204 1204 prioris
238 1150 444 1201 continet,
477 1148 732 1190 coordinata
772 1159 868 1189 esse
910 1146 1071 1197 dicunt,
1113 1145 1355 1196 exemplum
1396 1143 1568 1195 insigne
1610 1143 1818 1185 sermonis

48 1218 223 1270 veteris,
265 1217 339 1270 qui
383 1216 583 1270 vulgaris
630 1220 675 1258 et
721 1215 967 1258 cotidianus
1014 1214 1212 1257 omnibus
1261 1212 1528 1264 temporibus
1572 1211 1818 1253 adhibetur.

49 1285 410 1339 Exspectationis
443 1285 600 1327 deinde
632 1296 738 1327 suae
770 1285 852 1325 duo
884 1285 1143 1335 argumenta
1174 1281 1311 1324 fuisse
1334 1280 1612 1333 Thucydides
1644 1282 1818 1321 narrat:

47 1354 195 1397 florem
236 1357 280 1396 et
311 1357 575 1407 potestatem
617 1352 847 1404 utriusque
888 1351 1036 1404 populi
1069 1354 1113 1392 et
1154 1350 1282 1391 huius
1322 1349 1427 1391 belli
1469 1349 1659 1390 studium
1704 1348 1820 1400 apud

48 1427 220 1466 ceteras
249 1421 464 1464 Graeciae
495 1421 695 1464 nationes
727 1423 879 1472 ortum,
911 1431 1093 1471 quarum
1120 1419 1362 1470 complures
1393 1418 1448 1459 ab
1471 1416 1597 1458 initio
1630 1415 1819 1458 alterius

49 1491 198 1544 populi
239 1491 382 1533 sociae
419 1496 558 1541 erant,
596 1489 794 1541 reliquae
835 1488 920 1530 iam
963 1489 1015 1529 de
1047 1487 1257 1529 societate
1300 1486 1568 1537 cogitabant.
1629 1484 1713 1527 Ubi
1746 1496 1819 1536 po-

49 1564 213 1602 strema
238 1560 377 1601 verba
407 1557 454 1599 τὸ
478 1557 555 1610 μὲν
576 1556 704 1606 εὐθὺς
732 1555 781 1597 τὸ
815 1555 859 1597 δὲ
891 1555 964 1596 καὶ
996 1554 1298 1606 διανοούμενον
1321 1554 1497 1596 Classen
1531 1565 1614 1595 non
1647 1553 1818 1594 omnino

49 1634 170 1671 recte
201 1627 484 1680 interpretari
525 1627 630 1668 mihi
672 1626 860 1677 videtur,
904 1625 977 1676 qui
1018 1624 1316 1677 Thucydidem
1355 1623 1584 1664 verborum
1627 1620 1673 1661 τὸ
1716 1619 1818 1661 ἄλλο

50 1695 286 1751 Ἑλληνικὸν
318 1696 618 1747 ξυνιστάμενον
648 1693 759 1747 πρὸς
789 1691 1012 1745 ἑκατέρους
1033 1692 1208 1734 nimiam
1235 1690 1571 1733 affirmationem
1603 1689 1819 1732 moderari

52 1765 159 1808 dicit
189 1765 336 1807 verbis
367 1763 416 1804 τὸ
449 1762 493 1803 δὲ
524 1762 594 1803 καὶ,
627 1762 939 1814 διανοούμενον.
1000 1760 1085 1802 Sed
1128 1760 1271 1812 potius
1302 1759 1405 1801 mihi
1438 1759 1618 1800 videtur
1650 1758 1820 1811 Thucy-

52 1833 175 1876 dides
208 1832 515 1875 affirmationis
547 1844 664 1884 suae,
705 1831 743 1873 si
775 1830 872 1882 quis
902 1842 984 1872 non
1006 1829 1140 1871 fidem
1175 1828 1409 1870 habiturus
1442 1827 1513 1874 sit,
1545 1839 1720 1869 causam
1753 1838 1822 1868 ac-

51 1901 311 1944 curatiorem
345 1900 579 1952 addidisse,
611 1899 736 1951 quasi
768 1899 939 1941 cuidam
963 1902 1115 1940 contra
1137 1896 1326 1938 dicenti:
1361 1908 1469 1949 „non
1503 1902 1622 1937 recte
1656 1894 1821 1946 dixisti,

51 1982 134 2012 non
176 1981 321 2012 omnes
362 1969 467 2011 socii
510 1968 618 2010 facti
661 1970 788 2009 sunt“
834 1967 1138 2019 responderet:
1183 1965 1336 2014 „immo
1378 1976 1535 2016 omnes,
1578 1976 1676 2005 nam
1719 1975 1821 2015 pars

51 2039 204 2081 statim
228 2038 333 2080 socii
364 2037 472 2080 facti
495 2042 608 2088 sunt,
640 2048 753 2089 pars.
776 2048 1036 2088 quamquam
1060 2047 1140 2076 non
1165 2034 1317 2076 statim
1340 2035 1642 2084 decreverunt,
1675 2038 1821 2074 tamen

50 2107 184 2149 etiam
216 2106 262 2148 in
295 2106 436 2148 animo
467 2106 732 2147 habebant“.
793 2102 889 2157 Qua
913 2116 1007 2145 cum
1031 2102 1396 2155 interpretatione
1427 2102 1588 2153 optime
1621 2100 1823 2151 congruit

51 2176 294 2227 exemplum
326 2187 351 2216 a
383 2173 593 2226 Kriigero'
625 2174 807 2214 allatum
841 2185 862 2213 e
895 2172 997 2213 libri
1030 2171 1067 2211 V
1111 2170 1257 2222 capite
1288 2169 1477 2221 LXXX,
1511 2170 1555 2210 2:
1598 2168 1646 2208 οὗ
1676 2170 1823 2220 μέντοι

51 2241 181 2292 εὐθύς
211 2255 255 2294 γε
288 2240 447 2296 ἀπέστη
478 2248 563 2282 τῶν
594 2240 847 2295 Ἀθηναίων,
880 2238 985 2279 ἀλλὰ
1019 2238 1235 2283 διενοεῖτο,
1285 2237 1350 2278 ὅτι
1383 2237 1452 2277 καὶ
1485 2236 1584 2285 τοὺς
1616 2237 1824 2290 Ἀργείους

52 2310 177 2365 ἑώρα.

166 2380 416 2432 Sequuntur
437 2379 573 2420 verba
604 2379 764 2432 κίνησις
785 2375 863 2429 γὰρ
891 2375 994 2429 αὕτη
1015 2376 1189 2429 μεγίστη
1216 2373 1262 2427 δὴ
1280 2374 1309 2427 ¹)
1340 2371 1639 2427 ‘colg‘EMJpw
1660 2370 1824 2424 ἐγένετο

52 2447 124 2488 καὶ
154 2450 272 2499 μέρει
303 2445 384 2486 τινὶ
417 2452 503 2486 τῶν
532 2446 762 2498 βαρβάρων
794 2443 850 2492 ὡς
883 2443 927 2485 δὲ
959 2442 1098 2483 εἰπεῖν
1129 2442 1196 2482 καὶ
1232 2439 1300 2481 ἐπὶ
1336 2441 1536 2481 πλεῖστον
1568 2440 1822 2493 ἀινθρηήιων.

51 2515 240 2569 Quorum
274 2514 638 2557 constructionem
671 2518 790 2555 recte
821 2511 999 2564 exponit
1031 2511 1206 2562 Kruger
1238 2512 1316 2551 hoc
1347 2511 1489 2551 modo:
1532 2507 1657 2563 „0125ch
1696 2508 1823 2559 (dies)

51 2585 221 2638 μεγίστη
257 2582 307 2636 δὴ
339 2584 498 2636 κίνησις
540 2579 729 2634 ἑγένετο“
775 2585 818 2622 et
859 2584 979 2622 recte
1021 2579 1112 2621 fere
1156 2579 1281 2620 addit
1315 2578 1506 2628 Classen,
1547 2578 1706 2630 κίνησιὲ,ι
1748 2588 1823 2628 pro

51 2652 252 2706 κινήσεων
283 2651 375 2693 fere
407 2649 618 2702 scriptum
650 2661 757 2701 esse,
796 2650 840 2690 id
873 2650 985 2699 quod
1018 2647 1217 2698 equidem
1250 2648 1313 2689 sic
1345 2646 1605 2697 exprimam:
1644 2646 1821 2687 verbum

51 2721 213 2773 κίνησις
253 2723 484 2771 propterea
522 2718 566 2759 in
607 2717 734 2759 initio
777 2716 1023 2758 sententiae
1056 2716 1245 2767 positum
1277 2721 1357 2765 est,
1399 2720 1445 2756 ut
1479 2715 1532 2756 ad
1564 2721 1718 2756 motus.
1750 2713 1824 2766 qui

51 2789 166 2831 bello
196 2787 565 2839 Peloponnesiaco
607 2786 690 2827 orti
723 2786 822 2837 sint,
864 2787 915 2827 de
948 2785 1104 2837 quibus
1148 2785 1442 2835 exponendum
1478 2787 1556 2833 est.
1589 2782 1823 2834 praecipue

171 2900 195 2942 ¹)
219 2899 328 2934 Recte
361 2899 569 2942 adiungunt
601 2898 744 2941 Kriiger
775 2902 813 2932 et
849 2896 994 2932 Classen
1028 2896 1241 2939 particulam
1276 2894 1316 2936 δή
1352 2895 1574 2938 superlativo
1598 2898 1754 2937 nestun„
1789 2898 1824 2928 et

52 2957 142 2992 falso
169 2956 274 2991 Hude
298 2956 487 2990 nonnullos
521 2966 673 2998 sequens
707 2955 842 2989 codices
867 2954 979 2988 verbo
1005 2956 1111 2993 arms:
1145 2964 1215 2986 11011
1241 2952 1335 2986 enim
1362 2953 1426 2986 hoc
1453 2952 1582 2986 bellum
1609 2951 1736 2995 ipsum,
1763 2951 1824 2985 sed

53 3013 184 3048 eximia
220 3013 296 3048 eius
332 3013 545 3057 magnitudo
582 3012 769 3055 praecipue
807 3011 1035 3045 memoranda
1073 3015 1136 3044 est.
1214 3010 1314 3043 Hanc
1351 3009 1564 3052 particulam
1604 3007 1825 3051 superlativo

54 3070 197 3114 saepius
219 3071 368 3116 adiungi
394 3070 482 3105 dicit
498 3069 651 3113 Kriiger,
678 3074 713 3103 et
732 3068 950 3102 simillimum
978 3068 1085 3102 huius
1110 3078 1196 3101 usus
1221 3067 1421 3109 exemplum
1448 3066 1617 3100 habemus
1645 3066 1679 3098 in
1708 3064 1787 3099 libri
1808 3064 1824 3097 Ι
