2061 3337
995 178 1275 218 ,24-

249 314 329 343 non
366 302 417 341 de
447 298 669 340 universis
701 294 895 341 Graecis,
925 293 999 334 sed
1033 292 1086 332 de
1117 288 1306 331 Pthiotis
1337 290 1510 329 tantum
1541 285 1621 325 h'oc
1651 293 1803 324 nomen
1837 278 2017 321 adhibe-

252 368 412 412 3111111.
473 366 531 407 Et
553 367 632 407 hoc
663 376 718 405 cx
749 362 933 403 Homero
958 361 1262 412 argumentum
1294 367 1378 397 non
1409 358 1500 395 tam
1525 353 1581 394 ad
1601 351 1723 392 illam
1753 346 2019 390 sententiam

253 435 349 478 οὐδὲ
380 434 564 485 τοῦνομα
594 438 716 472 τοῦτο
752 429 954 481 ξυμπᾶσά
987 442 1059 468 πω
1091 421 1202 476 εἶχεν
1233 424 1306 468 (SC.
1338 420 1426 475 πρὸ
1468 427 1551 460 τῶν
1586 417 1800 471 Τρωικῶν)
1831 426 2021 466 compro-

253 506 453 553 bandam,
486 514 568 553 quo
599 501 774 542 trahere
806 497 948 540 voluit
980 495 1173 544 Classen,
1205 504 1334 543 quam
1365 491 1421 532 ad
1442 490 1550 531 haec
1572 487 1670 539 ipsa
1690 486 1827 527 verba
1850 480 1907 523 ὀὐ
1927 483 2023 534 μέν·

253 587 319 613 τοι
351 570 510 611 πολλοῦ
541 584 587 622 γε
618 569 772 623 χρόνου
804 564 977 606 ἐδύνατο
1016 562 1087 602 καὶ
1127 560 1290 601 ἅπασιν
1326 558 1536 611 ἐκνικῆσαι
1576 555 1760 597 allatum
1792 563 1886 593 esse
1916 548 2024 591 mihi

255 642 443 682 videtur.

370 718 655 770 Paragrapho
687 718 714 757 4
744 714 908 767 repetit
940 717 983 754 et
1026 710 1194 763 colligit
1225 705 1517 760 Thucydides,
1558 714 1669 755 quae
1709 700 1849 741 adhuc
1880 697 1925 738 in
1957 708 2026 737 ca-

257 789 350 841 pite
382 787 452 828 HI
483 784 746 837 explicavit:
794 780 837 823 οἱ
867 776 980 822 ὁόῧν
1013 778 1071 827 ὡς
1099 775 1270 818 ἕκαστοι
1290 773 1490 829 (Έλληνες
1529 769 1637 811 κατὰ
1669 766 1818 814 πόλεις
1861 779 1904 805 τε
1936 762 2030 805 ὅσοι

260 855 449 910 ἀλλήλων
475 856 665 904 ξυνίεσαν
696 851 763 892 καὶ
799 851 1037 902 ξύμπαντες
1069 846 1238 898 ὕστερον
1267 843 1495 898 κληθέντες
1525 836 1645 880 οὐδὲν
1677 834 1764 889 πρὸ
1791 841 1872 874 τῶν
1897 836 2030 886 Τρωι-

261 931 346 965 κῶν
379 923 433 963 ὁι)
466 922 695 963 ἀσθένειαν
725 919 796 960 καὶ
828 918 1024 971 ἆμειξίαν
1055 913 1246 968 ἀλλήλων
1276 910 1434 962 ἁθρόοι
1463 906 1670 963 ἔπραξαν.
1729 904 1867 945 Recte
1898 900 2032 942 etiam

262 993 426 1036 scholia
456 993 566 1033 haec
607 990 744 1032 verba
777 986 1052 1041 ἐπανάληψιν
1095 983 1322 1035 appellant
1362 989 1502 1030 neque
1543 979 1662 1018 recte
1695 972 1920 1015 Schwartz
1949 970 1977 1010 l.
2006 968 2033 1010 1.

263 1075 302 1114 p.
334 1061 416 1102 206
429 1073 488 1112 sq.
520 1059 760 1110 vituperat,
787 1056 954 1108 priores
987 1051 1231 1095 sententias
1262 1049 1417 1090 iisdem
1447 1045 1540 1087 fere
1570 1042 1720 1085 verbis
1741 1038 1904 1090 repeti;
1933 1048 2034 1078 nam

264 1128 511 1172 huiusmodi
548 1125 837 1179 repetitiones
870 1121 1140 1175 Thucydidis
1181 1117 1381 1171 proprias
1422 1125 1519 1156 esse
1552 1112 1639 1153 iam
1671 1121 1804 1161 supra
1835 1120 1874 1159 p.
1907 1106 1958 1147 17
1973 1116 2036 1156 sq.

266 1197 613 1240 memoravimus.
672 1194 757 1236 Sed
789 1193 925 1234 verba
962 1191 1057 1243 ipsa
1101 1187 1409 1229 difficultatem
1450 1181 1674 1234 praebent.
1742 1176 1881 1218 Recte
1923 1172 2035 1215 enim

267 1267 312 1308 in
344 1265 519 1318 vulgari
549 1261 933 1314 interpretatione,
976 1271 1062 1311 qua
1102 1256 1276 1308 Kriiger
1313 1253 1492 1294 Classen
1536 1248 1613 1291 alii
1653 1246 1791 1289 verba
1821 1241 1930 1283 κατὰ
1960 1239 2037 1282 πό·

269 1335 356 1382 λεις
386 1349 430 1374 τε
463 1365 469 1372 .
500 1367 506 1374 .
542 1365 548 1371 .
584 1331 654 1371 καὶ
686 1331 927 1382 ξύμπαντες
959 1325 1254 1379 appositiones
1297 1333 1391 1364 6556
1422 1318 1548 1361 verbi
1589 1315 1645 1363 ὡς
1673 1311 1845 1355 ἕκαστοι
1877 1310 2038 1361 dicunt,

269 1404 404 1455 Steup
452 1400 631 1444 offendit
677 1399 884 1450 (Anhang
930 1409 968 1448 p.
1009 1395 1120 1445 328),
1167 1405 1261 1434 cum
1308 1390 1489 1431 verbum
1529 1385 1770 1436 ξύμπαντες
1808 1380 1942 1422 verbo
1982 1375 2040 1425 ὡς

271 1471 439 1513 ἕκαστοι
480 1469 695 1512 contineri
736 1480 819 1509 non
862 1465 1001 1517 possit
1041 1462 1149 1516 (alia
1189 1460 1451 1512 argumenta
1492 1468 1517 1496 a
1560 1451 1739 1503 Steupio
1779 1449 1917 1491 allata
1958 1458 2042 1488 non

273 1547 376 1583 sunt
408 1538 642 1592 graviora).
703 1536 788 1578 Sed
810 1547 905 1576 011111
927 1532 1062 1575 etiam
1084 1531 1141 1572 id.
1173 1529 1286 1581 quod
1307 1526 1444 1577 Steup
1467 1523 1568 1565 inde
1591 1520 1875 1568 concluserat,
1908 1514 2041 1556 verba

276 1608 381 1649 κατὰ
412 1607 562 1655 πόλεις
591 1621 635 1645 τε
667 1604 761 1646 ὅσοι
793 1602 983 1657 ἀλλήλων
1023 1601 1214 1651 ξυνίεσαν
1243 1595 1314 1636 καὶ
1345 1594 1586 1645 ξύμπαντες
1622 1587 1793 1640 ὕστερον
1828 1585 2041 1637 glossema

276 1690 383 1731 6556,
415 1676 590 1718 11111111116
622 1674 857 1716 iucundum
889 1670 959 1721 sit,
990 1667 1180 1710 Dobreei
1210 1660 1522 1715 interpretatio
1555 1655 1810 1709 accipienda
1851 1656 1929 1703 est,
1971 1649 2040 1702 qui

277 1747 415 1788 verba
448 1743 506 1793 ὡς
537 1741 705 1784 ἕκαστοι
735 1739 840 1780 κατὰ
872 1738 1020 1786 πόλεις
1050 1750 1092 1776 τε
1125 1733 1219 1775 ὅσοι
1251 1730 1441 1786 ἀλλήλων
1473 1728 1666 1779 ξυνίεσαν
1697 1721 1916 1765 artissime
1949 1731 2040 1761 con-

278 1815 421 1856 iunxit
458 1838 506 1843 —
542 1825 641 1854 nam
684 1811 795 1862 quod
837 1808 973 1859 Steup
1016 1806 1167 1847 contra
1210 1801 1325 1843 dixit
1366 1798 1502 1839 verba
1549 1793 1604 1842 ὡς
1649 1790 1818 1832 ἕκαστοι
1858 1793 1902 1830 61
1941 1785 2040 1827 κατὰ

282 1882 431 1930 πόλεις
453 1883 750 1934 pleonasmum
774 1877 958 1927 efficere,
988 1886 1071 1915 non
1093 1877 1261 1913 rectum
1293 1874 1371 1920 est,
1402 1867 1478 1909 sed
1509 1863 1671 1916 optime
1694 1862 1879 1902 alterum
1910 1856 2040 1898 alter(

282 1953 523 2003 completur
554 1974 619 2001 —‚
652 1953 695 1989 et
727 1946 799 1987 hic
831 1946 949 1986 locus
981 1943 1044 1984 sic
1065 1940 1305 1982 vertendus
1338 1942 1424 1977 est:
1460 1933 1528 1985 ‚,ii,
1561 1931 1635 1983 qui
1657 1927 1820 1980 singuli
1852 1924 2040 1977 singula}

283 2033 360 2073 per
394 2019 601 2061 civitates
633 2020 678 2057 61
709 2018 861 2067 postea
894 2010 1091 2054 universi
1126 2006 1463 2060 appellabantur
1491 1998 1661 2048 Graeci,
1691 1996 1802 2038 nihil
1834 2004 2040 2035 commune

286 2090 558 2142 gesserunt-2
650 2085 834 2125 Praeter
881 2084 1013 2131 caput
1059 2077 1129 2119 III
1177 2078 1322 2117 autem
1370 2071 1500 2113 etiam
1551 2066 1710 2118 capitis
1754 2063 1800 2105 II
1845 2071 2040 2103 summan

287 2157 451 2209 repetit
483 2153 763 2207 Thucydides
797 2148 944 2191 verbis
977 2146 1030 2187 6⁶³
1064 2144 1291 2184 ἀσθένειαν
1322 2139 1392 2180 καὶ
1424 2136 1620 2190 ἆμειξίαν
1642 2131 1846 2187 ἀλλήλων.
1910 2131 2041 2179 Atqu(

286 2226 357 2267 hic
391 2225 519 2265 aliam
554 2220 799 2263 invenimus
833 2216 1152 2258 difficultatem.
1213 2211 1324 2252 Nam
1366 2205 1647 2259 Thucydides
1689 2213 1785 2242 cum
1827 2197 1954 2240 initio
1985 2207 2042 2237 ca-

289 2293 396 2346 pitis
430 2292 508 2343 HI,
541 2291 653 2342 quod
685 2288 802 2330 bella
835 2283 1077 2327 communia
1109 2294 1133 2322 a
1156 2278 1338 2322 Graecis
1362 2278 1487 2329 gesta
1509 2285 1593 2314 non
1624 2270 1724 2312 sint.
1755 2270 2040 2320 argumentur]

292 2360 538 2403 debilitatis
570 2370 712 2399 16111111
744 2356 984 2408 priscarum
1017 2350 1160 2402 capite
1182 2347 1228 2390 Π
1260 2344 1485 2398 expositae
1518 2340 1687 2389 afferat⁷
1719 2337 1763 2378 in
1795 2331 2042 2386 repetition·

295 2429 571 2472 debilitatem
604 2438 748 2467 rerum
781 2423 1023 2475 priscarum
1057 2429 1233 2460 causam
1274 2418 1446 2456 tantum
1478 2406 1702 2457 adscribit,
1743 2405 1795 2446 de
1827 2414 1913 2455 qua
1942 2399 2041 2441 bell:

296 2497 537 2541 communia
579 2500 707 2547 gesta
747 2504 830 2533 non
873 2489 974 2531 sint.
1033 2487 1193 2537 Itaque
1233 2495 1327 2542 cun]
1371 2476 1595 2522 sententia
1636 2474 1732 2526 ipsa
1773 2475 1817 2513 et
1858 2466 2042 2521 repetiti·

296 2567 547 2618 discrepare
569 2563 816 2605 videantur.
849 2557 1109 2610 quaerimus,
1141 2559 1286 2595 utrum
1318 2545 1595 2600 Thucydides
1629 2545 1682 2586 ad
1715 2538 1986 2584 condiciones
2018 2547 2039 2576 e

298 2715 451 2749 bendum
479 2716 533 2746 est
559 2716 594 2745 61
618 2710 761 2753 Kriiger
786 2708 874 2742 falso
901 2704 1089 2739 concludit.
1139 2702 1304 2735 Ceterum
1332 2696 1477 2731 eandem
1504 2690 1800 2727 constructionem
1827 2687 1865 2720 in
1890 2682 2042 2728 prooemi

301 2772 408 2806 etiam
447 2769 651 2804 invenimus
688 2766 724 2800 in
761 2764 877 2808 capite
916 2763 1020 2804 XIV,
1062 2761 1073 2792 1
1115 2765 1224 2790 ταῦτα
1262 2753 1406 2787 πολλαῖς
1441 2759 1576 2796 γειέαῖε
1614 2752 1742 2790 ὕστερα
1782 2745 1955 2789 γενόμενα
1994 2744 2042 2771 τῶ

306 2828 483 2870 ΤρωικῶΓ,

423 2897 443 2926 ’1
471 2895 621 2928 Necesse
660 2902 736 2926 esse
773 2889 859 2924 mihi
897 2888 1042 2922 videtur
1079 2883 1196 2918 verbis
1235 2878 1390 2921 οὐδαμοῦ
1426 2880 1505 2911 τοὺς
1538 2875 1740 2916 §numm-mg
1775 2870 1961 2910 ὠνὸμυσεν
1995 2864 2043 2896 οὐι

306 2951 428 2985 ἄλλοις
463 2952 477 2982 ἷ
514 2954 592 2984 τοὺς
616 2948 693 2991 μετ)
725 2945 897 2988 Ἀχιλλέως
930 2945 966 2975 ἐκ
998 2948 1057 2983 τῆς
1092 2935 1296 2972 Φθιώτιδος
1336 2946 1414 2970 cum
1448 2932 1594 2968 Reiskio
1629 2934 1664 2964 et
1697 2927 1816 2962 Hudio
1856 2925 1967 2956 οὕτως
1999 2920 2061 2964 (vr

308 3020 385 3043 cum
414 3011 454 3042 A.
483 3007 656 3041 Matthiae
676 3002 854 3044 Ἕλληνας)
881 3001 1019 3035 addere.
1071 2995 1216 3032 Auctori
1243 2994 1336 3029 enim
1361 2993 1400 3026 in
1426 2990 1542 3024 animo
1568 2991 1639 3022 est:
1675 2986 1869 3019 Homerum
1892 2986 2043 3021 nusquai

307 3067 491 3100 universos
529 3063 681 3098 Graecos
710 3059 874 3100 Ἕλληνα,-
912 3054 1160 3100 appellavisse.
1199 3060 1311 3093 neque
1349 3058 1449 3083 vero:
1489 3056 1567 3080 eum
1607 3042 1773 3078 Pthiotas
1809 3038 1899 3072 solos
1931 3032 2043 3069 nomin

309 3121 555 3165 appellavisse.
