2061 3337
955 169 1238 209 —44-.

200 277 246 319 id
277 280 388 329 quod
421 278 600 321 Classen
633 280 838 333 putabat)
884 279 929 321 in
959 281 1157 333 margine
1200 283 1255 323 ad
1297 282 1460 334 capitis
1490 283 1648 325 XVIII
1688 285 1826 326 verba
1867 284 1979 339 πλὴν

200 351 285 385 τῶν
320 343 364 385 ἐν
393 345 565 386 Σικελία
597 347 867 399 adscriptam
902 347 1052 401 fuisse,
1093 349 1353 400 praesertim
1397 362 1491 392 cum
1533 354 1672 393 totum
1712 353 1973 404 prooemium

198 425 282 455 non
313 413 555 465 perfectum
587 415 710 457 nobis
741 416 956 457 traditum
990 428 1085 458 esse
1117 429 1440 469 cognoscamus.

313 482 532 534 Exposuit
573 483 850 536 Thucydides
901 487 981 525 hac
1027 489 1155 536 parte
1206 486 1540 538 archaeologiae
1589 486 1793 529 similiter
1839 493 1972 540 atque

200 541 478 592 antecedenti
510 551 695 603 primum
728 551 1002 594 condiciones
1043 556 1290 604 potestates
1330 554 1449 596 bella
1480 555 1609 597 huius
1642 555 1819 610 aetatis,
1860 568 1974 607 quae

199 617 458 660 dividuntur
497 619 538 660 in
584 620 808 661 maritima
848 623 893 662 et
933 621 1190 670 terrestria,
1238 621 1396 663 deinde
1437 635 1593 665 causas
1635 621 1805 677 (αἰτίας)
1846 636 1973 676 prae-

198 685 362 740 cipuas,
394 699 469 728 eur
490 687 648 729 Graeci
669 687 941 740 potentiores
972 688 1069 730 fieri
1099 701 1184 731 non
1205 690 1444 742 potuerint,
1476 690 1663 742 denique
1696 691 1829 733 etiam
1862 704 1967 733 com·

195 755 430 805 prehendit
460 754 667 797 iudicium
700 756 829 798 huius
858 757 1021 798 aetatis
1063 757 1109 798 in
1149 757 1232 799 fine
1270 758 1431 810 capitis
1462 758 1614 801 XVII:
1656 757 1766 799 οὕτω
1810 774 1970 800 παντα-

194 821 330 871 χόθεν
359 821 379 875 ἢ
413 821 558 871 Ἑλλὰς
589 823 665 863 ἐπὶ
705 823 842 864 πολὺν
872 823 1026 878 χρόνον
1057 827 1275 876 κατείχετο
1307 826 1411 880 μήτε
1452 834 1569 881 κοινῇ
1614 826 1802 882 φανερὸν
1840 826 1973 882 μηδὲν

194 889 538 944 κατεργάζεσθαι
568 891 675 931 κατὰ
707 892 859 941 πόλεις
886 907 929 933 τε
961 891 1225 947 ἀτολμοτέρα
1256 889 1377 934 εἶναι.

456 1063 501 1111 b)
533 1062 601 1104 De
630 1062 747 1104 belli
778 1063 1035 1105 Persarum
1069 1063 1223 1106 aetate
1255 1064 1305 1115 (c.
1336 1064 1696 1113 XVIII—XIX).

306 1175 355 1216 In
402 1182 599 1218 extrema
642 1176 974 1228 archaeologiae
1019 1182 1146 1229 parte
1192 1177 1377 1229 primum
1424 1178 1570 1230 capite
1620 1179 1778 1221 XVIII
1818 1192 1888 1222 res
1941 1194 1967 1223 a

189 1244 392 1298 tyrannis
425 1244 594 1286 exactis
625 1256 763 1296 usque
797 1246 851 1286 ad
883 1245 1044 1287 bellum
1076 1246 1494 1298 Peloponnesiacum
1529 1252 1684 1299 gestae
1725 1252 1969 1290 narrantur

189 1323 238 1354 eo
269 1312 458 1366 consilio,
490 1318 538 1354 ut
571 1314 903 1367 demonstretur,
936 1315 1142 1365 quomodo
1173 1314 1615 1357 Lacedaemoniorum
1649 1321 1693 1358 et
1724 1317 1963 1359 Athenien-

189 1380 298 1422 sium
333 1384 578 1433 potestates
607 1381 726 1423 inter
749 1385 920 1424 ceteras
948 1387 1107 1424 auctae
1140 1386 1184 1424 et
1205 1382 1322 1424 inter
1354 1395 1400 1424 se
1423 1384 1672 1426 contrariae
1692 1383 1841 1427 factae
1863 1385 1967 1428 sint.

187 1448 481 1501 Exponuntur
504 1454 648 1510 autem
670 1451 802 1491 haec:
834 1451 1035 1503 tyrannis
1058 1450 1227 1492 exactis
1259 1464 1407 1503 pugna
1429 1452 1709 1494 Marathonia
1737 1453 1963 1496 commissa

189 1529 281 1558 cum
324 1517 486 1559 Persae
523 1517 682 1559 iterum
729 1522 882 1560 contra
919 1518 1149 1560 Graeciam
1190 1519 1586 1572 proficiscerentur,
1626 1520 1962 1564 Lacedaemonii

187 1585 385 1627 omnibus
418 1585 598 1628 Graecis
638 1591 889 1639 praeerant5
934 1587 1227 1629 Athenienses
1268 1587 1333 1629 rei
1374 1587 1624 1630 maritimae
1664 1589 1961 1641 potentissimi

183 1652 293 1694 facti
325 1658 447 1706 sunt3
479 1658 578 1706 post
610 1654 769 1696 bellum
801 1655 1033 1697 Persarum
1067 1655 1225 1697 Graeci
1257 1655 1460 1707 bipertiti
1494 1660 1570 1698 aut
1602 1656 1961 1700 Lacedaemoniis

184 1725 262 1763 aut
295 1722 640 1764 Atheniensibus
673 1735 719 1764 se
751 1728 1128 1776 aggregaverunt3
1159 1724 1290 1775 paulo
1321 1728 1420 1776 post
1453 1725 1587 1766 etiam
1619 1724 1959 1768 Lacedaemonii

184 1793 228 1831 et
262 1791 553 1832 Athenienses
587 1791 812 1832 dissociati
845 1804 965 1833 arma
998 1798 1207 1843 ceperunt
1240 1796 1285 1833 et
1305 1793 1426 1834 modo
1448 1793 1565 1834 bella
1598 1796 1802 1845 gerentes
1837 1795 1959 1836 modo

182 1859 335 1910 pacati
357 1871 477 1901 suam
501 1859 658 1911 quique
681 1863 944 1912 potestatem
971 1865 1198 1902 auxerunt.
1259 1860 1430 1902 Deinde
1462 1861 1608 1913 capite
1628 1861 1741 1902 XIX
1764 1865 1957 1913 quantae

184 1930 229 1968 et
261 1929 413 1978 quales
443 1927 609 1969 fuerint
651 1929 733 1970 hae
779 1932 1027 1980 potestates
1070 1928 1355 1971 describitur:
1396 1929 1733 1971 Lacedaemonii
1774 1929 1957 1973 tributis

182 2007 266 2037 11011
298 1996 515 2048 impositis
538 1996 748 2038 sociorum
769 1996 1044 2048 respublicas
1067 1998 1378 2049 gubernandas
1412 1997 1496 2039 sibi
1519 2003 1798 2050 curaverunt,
1820 1999 1956 2040 Athe-

181 2063 356 2106 nienses
388 2064 575 2106 omnium
607 2064 699 2106 fere
732 2065 942 2106 sociorum
975 2077 1112 2106 naves
1145 2065 1235 2107 suis
1268 2065 1458 2107 navibus
1491 2065 1788 2107 adiunxerunt
1821 2069 1954 2118 atque

182 2131 351 2174 tributa
383 2132 702 2184 imposuerunt3
736 2137 779 2174 et
811 2133 988 2185 propria
1018 2139 1299 2185 utrorumque
1331 2137 1530 2185 potestas
1561 2137 1689 2175 tanta
1720 2133 1842 2176 facta
1874 2139 1957 2188 est,

181 2205 349 2251 quanta
380 2213 434 2242 ne
466 2201 691 2242 ambarum
723 2201 954 2242 civitatum
988 2213 1082 2243 cum
1115 2200 1313 2243 omnibus
1345 2201 1473 2243 sociis
1496 2201 1824 2244 coniunctarum
1858 2202 1952 2254 qui-

181 2269 276 2309 dem
303 2271 498 2320 tempore
529 2269 635 2310 belli
667 2269 902 2311 Persarum
935 2268 1092 2312 fuerat.

293 2336 553 2388 Priusquam
607 2339 659 2378 de
710 2339 860 2378 horum
907 2338 1102 2389 capitum
1158 2350 1253 2379 cum
1295 2342 1392 2379 tota
1436 2338 1739 2390 archaeologia
1786 2350 1952 2380 conexu

178 2405 464 2457 disputamus,
495 2405 657 2458 singuli
689 2406 886 2447 nonnulli
908 2406 988 2447 loci
1023 2406 1246 2447 tractandi
1279 2411 1392 2447 sunt.
1452 2405 1587 2447 Initio
1611 2406 1772 2458 capitis
1794 2406 1950 2448 XVIII

176 2472 215 2514 J.
238 2473 469 2515 Helmbold
492 2463 626 2526 (Uber
650 2473 720 2515 die
746 2474 993 2515 successive
1016 2474 1300 2526 Entstehung
1332 2475 1407 2515 des
1431 2474 1840 2526 Thucydideischen
1864 2474 1949 2516 Ge-

176 2541 542 2583 schichtswerkes
587 2542 623 2594 2,
666 2541 746 2595 10),
785 2553 909 2594 quem
953 2542 1155 2594 sequitur
1195 2542 1355 2594 Steup,
1403 2542 1585 2584 offendit
1629 2541 1672 2584 in
1716 2542 1866 2584 verbis
1907 2539 1949 2581 οἱ

174 2607 369 2649 πλεῖστοι
399 2608 471 2649 καὶ
499 2608 746 2655 τελευταῖοι,
779 2622 878 2651 nam
911 2622 1005 2651 cum
1038 2611 1148 2651 bene
1181 2611 1232 2651 de
1264 2610 1514 2652 ultimorum
1557 2614 1736 2662 praeter
1777 2609 1949 2652 Siculos

174 2681 456 2729 tyrannorum
490 2677 716 2720 exactione
747 2679 878 2730 paulo
920 2681 1023 2720 ante
1059 2690 1250 2730 pugnam
1283 2677 1607 2720 Marathoniam
1653 2678 1776 2719 facta
1818 2690 1946 2730 expo-

171 2748 314 2797 natur,
347 2758 430 2786 non
460 2745 805 2797 intellegendum
848 2758 955 2796 esse,
1002 2759 1078 2788 cur
1108 2747 1153 2787 hi
1186 2746 1330 2788 ultimi
1365 2745 1545 2798 tyranni
1588 2745 1724 2787 etiam
1766 2745 1946 2797 plurimi

172 2815 462 2866 appellentur.
524 2816 750 2866 Apparere
781 2815 888 2856 mihi
931 2815 1120 2869 videtur,
1163 2816 1271 2856 duas
1312 2827 1383 2856 res
1427 2814 1573 2857 dicere
1616 2815 1731 2856 velle
1772 2814 1944 2866 Thucy-

171 2881 313 2923 didem
344 2881 413 2923 his
444 2882 614 2924 verbis:
646 2883 831 2934 primum
874 2883 1105 2935 plerosque
1147 2886 1359 2935 tyrannos
1403 2895 1429 2924 a
1468 2881 1829 2924 Lacedaemoniis
1871 2893 1944 2923 ex-

169 2950 316 3001 pulsos
358 2961 465 3002 esse,
507 2949 664 2991 deinde
709 2951 787 2992 hoc
829 2950 1038 3003 temporis
1078 2955 1306 3003 momento,
1347 2951 1399 2992 de
1442 2962 1525 3002 quo
1566 2949 1726 3002 agitur,
1765 2950 1944 2991 ultimos

168 3022 347 3069 praeter
378 3017 543 3059 Siculos
574 3021 787 3070 tyrannos
820 3031 846 3060 a
872 3018 1232 3060 Lacedaemoniis
1265 3019 1468 3070 expulsos
1501 3029 1607 3060 esse.
1677 3016 1796 3070 Quas
1829 3018 1941 3059 duas

167 3085 425 3138 sententias,
458 3098 638 3136 quarum
670 3098 746 3128 nos
778 3086 963 3138 priorem
995 3085 1225 3138 posteriori
1258 3085 1618 3137 subiungeremus
1648 3086 1762 3126 hunc
1783 3084 1829 3126 in
1851 3097 1942 3126 mo-
