2061 3337
864 176 1146 217 —27—

115 293 288 338 cedenti
335 291 538 344 adiungit
556 291 598 344 ¹).
667 289 820 332 Priora
865 288 1004 341 igitur
1053 287 1142 329 tria
1178 285 1336 327 Minois
1382 297 1513 337 opera
1558 283 1684 336 quasi
1729 282 1884 324 funda-

116 366 266 406 menta
296 365 410 413 sunt,
443 373 465 402 e
506 359 664 411 quibus
709 357 943 400 maximum
989 368 1095 408 opus
1141 367 1264 396 suum
1301 353 1544 406 piratarum
1587 350 1884 404 expulsionem

116 430 364 485 perfecerit.
425 428 559 480 Steup
593 428 706 479 quod
738 426 882 477 Cares,
912 424 987 477 qui
1019 436 1072 465 ex
1106 422 1261 464 insulis
1302 421 1594 473 pellebantur,
1625 423 1670 462 et
1702 419 1884 471 piratas,

118 500 192 552 qui
224 512 247 541 e
279 498 388 540 mari
420 497 703 547 tollebantur,
736 495 906 536 eosdem
940 504 1036 535 esse
1068 491 1257 544 putavit,
1288 491 1425 532 verba
1457 488 1527 529 καὶ
1548 495 1631 528 τῶν
1652 485 1885 528 Κυκλάδων

118 569 254 623 νήσων
286 590 339 596 -
369 562 682 618 ἐγκαταστήσας
715 567 868 614 postea
902 561 1070 603 inserta
1103 571 1198 606 esse
1232 561 1372 611 putat.
1431 557 1516 599 Sed
1548 558 1627 599 1106
1656 558 1747 598 1060
1780 567 1883 597 11011-

119 637 219 678 (111111
252 634 384 677 etiam
417 632 550 675 Cares
581 631 751 684 piratas
782 629 919 672 fuisse
960 631 1234 679 memoratur,
1276 626 1321 668 id
1362 627 1475 678 quod
1516 624 1710 667 continet
1752 626 1883 675 caput

118 703 241 756 VIII,
288 704 322 754 1,
369 705 413 744 et
458 701 644 754 piratae,
684 711 862 750 quorum
905 699 958 739 de
1003 695 1257 749 expulsione
1302 695 1373 736 hic
1418 694 1577 746 agitur,
1619 706 1700 735 non
1747 693 1884 734 solum

119 772 252 814 Cares
283 770 472 824 erant‘2).

233 839 442 891 Sequitur
488 837 644 880 deinde
689 838 743 878 ad
788 837 896 877 haec
942 835 995 875 de
1040 833 1295 885 expulsione
1341 832 1588 884 piratarum
1635 830 1773 872 verba
1813 841 1886 871 ex-

119 908 326 962 plicanda
357 906 527 959 longior
570 907 623 947 de
655 905 802 957 prisca
834 907 938 946 ante
969 902 1156 943 Minoem
1189 900 1379 953 piratica
1410 900 1638 952 expositio,
1670 900 1725 941 ad
1757 910 1887 949 quam

121 980 275 1030 postea
306 974 473 1018 reverti
504 974 649 1016 liceat.
709 973 834 1014 Nunc
875 976 1152 1013 transeamus
1195 970 1250 1011 ad
1282 974 1415 1020 caput
1447 967 1564 1015 VIII,
1597 969 1635 1020 2,
1677 966 1751 1009 ubi
1791 978 1887 1008 sen-

121 1045 362 1088 tentiarum
402 1044 522 1085 filum
563 1047 661 1094 post
702 1045 835 1093 caput
866 1040 928 1081 IV
968 1037 1265 1080 intermissum
1306 1036 1488 1079 resumit
1520 1035 1811 1089 Thucydides,
1842 1034 1897 1087 id¹

122 1115 234 1167 quod
266 1113 399 1155 etiam
432 1111 598 1154 scholia
630 1111 842 1152 adnotant
884 1109 939 1149 ad
980 1108 1116 1149 verba
1147 1106 1434 1153 καταστάντος
1465 1103 1510 1145 δὲ
1541 1111 1615 1144 τοῦ
1646 1105 1764 1143 Μίνω
1796 1118 1888 1143 ναυ-

122 1187 265 1223 τικοῦ.·
310 1179 357 1220 τὸ
406 1186 549 1235 σχῆμα
596 1176 885 1232 ἐπανάληψις.
961 1176 1063 1217 Cum
1112 1176 1194 1216 hac
1234 1174 1497 1226 repetitione
1544 1177 1691 1214 autem
1735 1172 1889 1214 Statim

123 1262 279 1293 novam
316 1248 581 1291 sententiam
618 1245 863 1298 coniungit:
906 1244 1064 1286 Minois
1102 1242 1304 1295 operibus
1336 1241 1665 1294 navigationem
1708 1246 1751 1282 et
1783 1252 1892 1282 com-

123 1318 328 1361 mercium
360 1329 438 1369 per
468 1327 588 1358 mare
618 1314 794 1357 facilius
826 1317 871 1355 et
901 1312 1039 1354 tutius
1067 1312 1232 1353 factum
1266 1323 1381 1353 esse:
1420 1309 1697 1362 πλσϊμώτερα
1727 1305 1892 1362 ἐγένετο

124 1385 230 1441 παρ)
269 1384 481 1439 ἀλλήλους.
556 1383 694 1436 Quam
740 1381 1006 1424 sententiam
1054 1380 1246 1432 explicat
1289 1379 1457 1421 duabus
1498 1379 1629 1419 rebus
1671 1377 1893 1429 particula

123 1456 204 1510 γάρ
237 1453 422 1497 additis:
460 1452 644 1505 primum
685 1451 856 1503 piratas
897 1449 1140 1491 insularum
1182 1448 1347 1489 incolas
1389 1448 1536 1499 pulsos
1569 1458 1663 1488 esse
1694 1470 1750 1475 -—
1781 1456 1893 1496 quae

125 1524 263 1566 verba
293 1534 378 1564 non
418 1526 538 1563 recte
570 1532 647 1572 pro
678 1518 932 1572 parenthesi
963 1518 1127 1559 habere
1157 1515 1264 1558 mihi
1295 1515 1503 1557 videntur
1539 1514 1624 1555 viri
1656 1513 1784 1565 docti,
1816 1514 1894 1555 sed

126 1591 297 1635 omnino
348 1589 602 1632 coordinata
648 1591 749 1630 sunt
794 1584 1162 1638 subsequentibus
1209 1609 1275 1637 --‚
1319 1584 1479 1626 deinde
1524 1582 1716 1624 homines
1762 1593 1895 1634 prope

127 1672 247 1702 mare
279 1659 322 1700 in
355 1657 606 1701 continente
637 1655 893 1698 habitantes
926 1667 948 1696 e
980 1653 1115 1696 firmis
1147 1653 1325 1695 sedibus
1357 1651 1656 1694 commercium
1690 1650 1834 1702 egisse
1851 1649 1896 1704 3).

127 1729 290 1772 Eorum
321 1726 462 1779 igitur
504 1725 734 1777 hominum,
777 1736 883 1775 quos
925 1726 1057 1765 antea
1099 1733 1245 1764 omnes
1287 1721 1459 1773 piratas
1498 1719 1635 1762 fuisse
1678 1718 1822 1771 capite
1857 1718 1895 1760 V

129 1800 355 1840 narratum
401 1799 480 1848 est,
526 1806 628 1846 pars
674 1805 727 1834 ex
778 1791 935 1833 insulis
982 1790 1108 1843 pulsi,
1155 1801 1255 1842 pars
1300 1801 1323 1831 e
1364 1788 1554 1840 piratica
1600 1788 1654 1829 ad
1701 1787 1895 1838 quietam

128 1864 309 1907 vivendi
341 1863 554 1905 rationem
595 1860 764 1903 redacti
797 1863 912 1902 sunt.
972 1859 1098 1900 Prior
1137 1858 1266 1899 huius
1309 1855 1615 1908 explicationis
1656 1868 1758 1907 pars
1799 1867 1896 1896 6011-

130 1933 246 1976 tinet
277 1930 584 1985 repetitionem
616 1929 708 1972 fere
742 1929 901 1981 capitis
933 1928 1006 1979 IV,
1047 1927 1091 1969 id
1134 1927 1246 1978 quod
1289 1925 1455 1967 auctori
1499 1926 1541 1966 in
1585 1925 1726 1966 auimo
1758 1923 1895 1965 fuisse

130 2002 268 2044 verba
309 1999 492 2051 ὅτεπερ
532 1997 603 2038 καὶ
642 1997 718 2046 τὰς
759 1996 925 2045 πολλὰς
966 1994 1104 2035 αὐτῶν
1147 1993 1351 2047 κατῴκιζε
1392 1995 1713 2043 demonstrant,
1756 1993 1898 2034 altera

131 2082 234 2123 pars
266 2081 422 2111 novam
454 2066 718 2109 sententiam
743 2067 882 2117 affert,
914 2077 1056 2117 quam,
1088 2063 1171 2105 nisi
1204 2064 1334 2115 longa
1366 2064 1418 2104 de
1441 2061 1631 2114 piratica
1662 2059 1899 2112 explicatio

131 2137 468 2188 intervenisset,
511 2138 608 2188 post
649 2138 781 2187 caput
823 2134 884 2175 IV
927 2132 1132 2175 similiter
1174 2132 1383 2183 scriptam
1425 2129 1624 2171 invenire
1667 2140 1901 2181 possemus.

134 2207 203 2248 Ad
233 2206 346 2248 hanc
377 2203 655 2255 sententiam,
687 2216 772 2255 qua
804 2202 996 2244 homines
1020 2212 1151 2253 prope
1174 2212 1292 2242 mare
1313 2199 1569 2241 habitantes
1602 2197 1901 2240 commercium

133 2275 276 2317 maius
307 2273 513 2315 habuisse
545 2276 590 2314 et
621 2271 754 2313 firmis
777 2270 954 2312 sedibus
978 2282 1076 2311 usos
1099 2281 1194 2310 esse
1217 2268 1420 2319 affirmat,
1453 2266 1578 2308 addit
1601 2266 1901 2307 nonnullorum

134 2342 389 2395 oppidorum
426 2341 604 2392 incolas,
643 2352 737 2382 cum
770 2338 909 2391 magis
940 2351 1068 2390 quam
1101 2342 1233 2379 antea
1264 2336 1435 2378 divitiis
1466 2337 1729 2385 fruerentur,
1760 2344 1903 2374 muros

257 2478 280 2519 ¹)
305 2478 421 2512 Huius
448 2477 642 2520 particulae
669 2478 705 2508 τέ
731 2487 827 2518 usus,
855 2486 958 2518 quem
987 2485 1097 2517 usque
1117 2474 1160 2507 ad
1187 2473 1418 2507 Plutarchum
1438 2482 1542 2514 saepe
1562 2470 1714 2505 inveniri
1734 2470 1903 2503 Wilamo-

137 2535 224 2571 witz
258 2535 345 2569 mihi
380 2535 547 2573 affirmat,
581 2533 678 2567 aliud
712 2533 912 2575 exemplum
947 2542 964 2565 e
989 2531 1164 2575 prooemio
1191 2530 1386 2564 adscribam
1413 2529 1494 2562 hoc:
1523 2527 1624 2569 XIII,
1654 2528 1666 2559 l
1699 2529 1839 2558 rammi
1871 2539 1903 2557 τε

139 2592 323 2635 ἐξηρτύετο
350 2593 367 2632 ἡ
390 2589 517 2625 Ἑλλάς.
545 2584 898 2624 Ceterum'conferas
917 2587 1072 2632 Kriigeri
1091 2586 1357 2621 adnotationem
1384 2586 1426 2619 ad
1453 2585 1485 2618 h.
1513 2584 1533 2618 l.
1562 2588 1597 2617 et
1623 2584 1778 2627 Sprachl.
1806 2586 1824 2625 ,ξ
1850 2583 1904 2626 69,

139 2649 183 2683 59
210 2650 313 2683 Α11111.
342 2649 371 2683 l.
421 2648 498 2682 Non
525 2646 665 2682 omnino
700 2650 795 2681 recta
829 2650 882 2680 est
909 2645 1068 2680 Classeni
1095 2643 1290 2685 adnotatio,
1325 2643 1386 2686 qui
1420 2641 1702 2676 consecutionem
1730 2640 1906 2684 particula

139 2708 177 2738 τέ
202 2705 283 2740 addi
309 2705 465 2749 putavit.

257 2763 284 2804 ²)
310 2762 417 2796 Aliud
443 2761 551 2796 etiam
586 2771 670 2795 suae
695 2760 896 2795 sententiae
923 2763 1173 2802 argumentum
1210 2758 1313 2792 affert
1338 2758 1457 2799 Steup,
1484 2756 1592 2789 verba
1618 2753 1831 2788 παλιιῐταισς
1856 2753 1907 2785 ὠι-

143 2821 229 2861 dung
255 2821 355 2861 ἴσμεν
380 2820 424 2853 ad
450 2819 560 2853 verba
587 2819 754 2858 ἐκτήσατο
780 2822 814 2851 et
848 2816 1015 2859 ἐκςιιὶιιμιε
1051 2816 1228 2858 pertinere
1262 2825 1376 2857 neque
1409 2815 1452 2847 ad
1487 2815 1631 2849 verbum
1670 2811 1761 2855 ἧμὲὲ,
1787 2813 1908 2854 itaque

143 2878 235 2912 hanc
259 2876 404 2912 tertiam
430 2879 568 2920 partem
602 2886 671 2909 non
705 2878 780 2909 arte
814 2885 891 2907 cum
927 2873 1221 2908 antecedentibus
1245 2872 1382 2906 duabus
1407 2872 1605 2906 cohaerere.
1655 2871 1694 2904 Id
1721 2869 1812 2912 quod
1839 2879 1909 2902 non

144 2935 258 2969 solum
283 2934 427 2969 minime
454 2944 566 2977 grave
592 2937 656 2973 est,
682 2933 744 2967 sed
762 2932 868 2966 etiam
888 2942 957 2966 non
978 2935 1124 2971 rectum,
1151 2941 1228 2964 cum
1249 2931 1357 2964 verba
1383 2928 1598 2963 ,ταλιιίττιττηι
1623 2927 1675 2959 ὧν
1700 2929 1784 2969 ἀκοῇ
1812 2930 1911 2968 ἴσμεν

144 3002 215 3026 11011
241 2991 309 3025 nisi
335 2992 380 3025 ad
406 2993 569 3022 ναυτικὸν
593 2991 760 3031 ἐκτήσατο
786 2989 1002 3032 pertineant.

262 3048 288 3091 ³)
313 3048 424 3083 Recte
451 3047 641 3082 adnotavit
665 3047 811 3081 Classen
838 3046 881 3079 ad
916 3046 1024 3080 verba
1048 3042 1182 3086 μᾶλλον
1208 3042 1269 3084 ι’,ὄιχ
1298 3072 1304 3078 .
1333 3069 1339 3074 .
1370 3068 1376 3074 -
1402 3046 1638 3085 Διἰ’ὲ,-)ἀιόιε(ιυι’
1671 3042 1802 3082 astum-1:
1831 3041 1912 3082 „der

146 3105 257 3140 Sache
284 3106 349 3139 wie
376 3106 454 3140 dem
484 3105 670 3139 Ausdruck
696 3104 786 3138 nach
814 3103 849 3136 in
876 3102 1113 3137 bestimmten)
1141 3102 1366 3144 (legensatze
1392 3112 1434 3134 zu
1462 3112 1488 3134 c.
1515 3101 1546 3141 2,
1572 3100 1624 3134 2.“
