2061 3337
945 149 1230 189 -18—

203 263 338 304 ticula
369 263 448 314 γάρ
483 261 616 303 affixa
649 266 727 313 est,
760 261 966 312 explicat,
998 261 1187 312 denique
1217 261 1403 313 priorem
1428 262 1694 303 sententiam
1726 261 1878 303 iisdem
1902 261 1975 302 vel

203 330 420 372 similibus
449 330 597 371 verbis
629 329 793 381 repetit
825 333 869 370 et
901 328 1069 381 colligit
1110 329 1250 383 simul,
1291 341 1403 380 quae
1445 329 1618 382 longius
1660 329 1974 382 explicaverat,

202 411 327 450 quan]
362 397 668 449 repetitionem
701 396 866 439 scholia
889 392 1162 450 ἐπανάληψιν
1185 397 1422 439 nominant.
1482 396 1579 450 Qua
1605 397 1814 440 sermonis
1835 398 1974 439 forma

202 466 285 507 iam
336 466 377 506 in
423 465 537 507 omni
581 465 777 507 oratione
832 465 1008 517 vulgari
1062 465 1286 507 cotidiana
1332 465 1535 508 archaica
1576 465 1765 507 maxime
1804 465 1975 507 usitata

202 534 479 587 Thucydides
512 546 678 575 summa
711 546 806 575 cum
838 536 935 575 arte
967 545 1072 575 usus
1105 537 1184 585 est,
1215 538 1260 575 et
1292 534 1329 576 si
1359 534 1402 576 in
1435 536 1550 576 hanc
1570 533 1752 576 formam
1784 533 1973 576 animum

201 602 483 653 advertimus,
516 614 647 653 saepe
670 601 1022 653 compositionem
1054 601 1196 654 operis
1228 614 1486 654 cognoscere
1516 614 1756 654 possumus.
1815 602 1974 643 Exem-

199 671 317 721 plum
366 670 654 711 clarissimum
707 675 773 711 est
817 671 917 711 hoc:
964 671 1101 712 verba
1142 670 1303 721 capitis
1343 670 1513 720 XXIII,
1553 672 1579 712 5
1620 668 1733 710 διότι
1773 666 1974 716 δ’ἔλυσαν,

201 736 278 786 τὰς
306 735 447 786 αἰτίας
478 739 746 791 προύγραψα
777 744 953 791 πρῶτον
982 737 1053 777 καὶ
1084 737 1160 787 τὰς
1190 737 1402 794 διαφοράς
1423 738 1713 792 Thucydides,
1744 741 1975 791 postquam

199 806 310 847 libro
340 807 362 848 I
395 819 550 848 causas
583 806 687 848 belli
720 807 934 855 narravit,
976 806 1121 858 capite
1164 807 1346 848 CXLVI
1383 807 1547 859 repetit
1588 806 1724 847 αἰτίαι
1764 804 1809 847 δὲ
1849 801 1973 846 αὗται

199 874 269 914 καὶ
302 873 507 928 διαφοραὶ
540 872 725 928 ἐγένοντο
760 874 1021 928 ἀμφοτέροις
1051 873 1137 928 πρὸ
1164 882 1239 915 τοῦ
1267 874 1472 926 πολέμου,
1502 879 1551 918 ut
1583 887 1629 917 se
1661 875 1806 917 causis
1839 875 1975 927 expli-

200 942 312 984 catis
346 945 400 984 ad
433 942 574 995 ipsum
621 944 783 985 bellum
826 943 1159 985 describendum
1201 944 1456 996 transgredi
1498 948 1653 996 aperte
1697 945 1975 985 demonstret.

200 1010 399 1062 Capitum
433 1011 454 1052 I
487 1016 531 1053 et
562 1012 846 1053 XX—XXII
886 1012 969 1053 loci
1012 1013 1173 1064 duplex
1215 1012 1442 1054 continent
1482 1013 1746 1064 exemplum:
1788 1011 1973 1063 primum

198 1080 360 1121 bellum
393 1080 811 1132 Peloponnesiacum
842 1079 1076 1122 maximum
1110 1080 1247 1122 fuisse
1288 1080 1517 1133 repetitur,
1557 1084 1786 1132 postquam
1827 1079 1973 1131 priora

198 1160 281 1189 non
305 1147 440 1190 fuisse
463 1161 623 1201 magna.
644 1148 940 1191 intermissum
964 1153 1052 1200 est3
1085 1148 1241 1190 deinde
1264 1149 1398 1190 etiam
1420 1149 1510 1203 hoc,
1541 1148 1690 1201 priora
1721 1160 1804 1190 non
1837 1147 1973 1189 fuisse

197 1229 368 1269 magna,
400 1216 618 1268 repetitur
650 1217 903 1258 intermissa
936 1216 1251 1270 archaeologia.

312 1285 418 1326 Post
448 1291 580 1337 caput
612 1285 746 1326 XXII
779 1285 888 1326 nihil
923 1285 1008 1327 iam
1042 1280 1219 1327 aliud'e
1251 1284 1457 1337 prooemii
1492 1283 1800 1336 compositione
1831 1285 1973 1326 adhuc

200 1353 379 1405 cognita
412 1359 718 1405 exspectamus
766 1366 894 1405 quam
942 1353 1046 1395 belli
1088 1353 1448 1406 Peloponnesiaci
1489 1352 1837 1406 descriptionem,
1879 1364 1973 1394 cum

198 1420 447 1463 inculcatur
477 1426 611 1473 caput
642 1421 803 1463 XXIII
820 1422 862 1474 1).

793 1615 887 1657 IIl.
922 1616 989 1658 De
1020 1616 1174 1668 capite
1205 1615 1397 1657 XXIII.

313 1730 467 1782 Capite
499 1730 659 1771 XXIII
701 1730 885 1782 primum
927 1731 1086 1772 bellum
1130 1729 1546 1782 Peloponnesiacum
1589 1741 1684 1770 cum
1725 1729 1838 1770 bello
1870 1729 1972 1770 Per-

198 1810 343 1839 sarum
376 1805 655 1850 comparatur
687 1804 731 1840 et
764 1810 786 1839 e
818 1811 995 1840 numero
1034 1802 1079 1840 et
1108 1798 1385 1851 longitudine
1425 1803 1470 1840 et
1508 1796 1812 1849 magnitudine
1853 1797 1973 1838 labo-

199 1879 292 1907 rum
327 1868 652 1908 demonstratur
684 1867 845 1908 bellum
878 1867 1292 1919 Peloponnesiacum
1316 1867 1456 1908 maius
1488 1865 1563 1908 illo
1594 1865 1743 1907 fuisse.
1805 1865 1973 1906 Deinde

200 1947 226 1976 a
257 1936 534 1987 paragrapho
567 1937 592 1976 4
614 1935 917 1987 pronuntiatio
941 1935 1251 1988 descriptionis
1274 1947 1501 1977 causarum
1535 1933 1652 1986 belli,
1685 1945 1797 1985 quae
1817 1933 1929 1974 libro
1950 1933 1973 1974 I

199 2003 459 2057 continetur,
492 2003 701 2055 sequitur.

314 2071 379 2113 De
422 2072 552 2113 huius
593 2071 754 2124 capitis
808 2085 902 2113 cum
955 2071 1100 2123 capite
1141 2071 1276 2112 XXII
1318 2083 1483 2113 conexu
1523 2070 1726 2112 diversae
1764 2075 1867 2111 sunt
1909 2068 1972 2110 vi-

198 2152 342 2181 rorum
391 2141 611 2181 doctorum
665 2140 923 2181 sententiae.
1004 2139 1178 2189 Kriiger
1229 2143 1272 2181 et
1314 2139 1495 2181 Classen
1545 2142 1677 2191 caput
1718 2137 1877 2178 XXIII
1918 2138 1975 2178 ad

198 2207 323 2249 finem
359 2208 518 2259 Capitis
540 2208 651 2248 XXI
686 2206 868 2262 δηλώσει
900 2206 1055 2259 μείζων
1076 2209 1346 2261 γεγενημένος
1367 2207 1506 2247 αὐτῶν
1528 2206 1851 2259 adiungendum
1879 2217 1973 2247 esse

200 2281 378 2329 putant,
421 2289 515 2317 cum
559 2276 733 2329 Kruger
774 2280 908 2328 caput
949 2276 1086 2317 XXII
1127 2289 1211 2318 non
1252 2279 1371 2318 recto
1412 2276 1503 2317 1000
1544 2274 1826 2316 interiectum
1867 2285 1974 2326 esse,

202 2343 381 2386 Classen
414 2345 673 2397 particulam
719 2343 766 2384 δέ
797 2344 925 2386 initio
967 2345 1126 2396 capitis
1167 2343 1328 2385 XXIII
1369 2356 1446 2396 pro
1486 2343 1706 2395 particula
1746 2343 1838 2395 γάρ,
1879 2354 1974 2383 cum

200 2417 331 2464 caput
364 2413 499 2454 XXII
532 2413 839 2464 intercederet,
873 2413 1083 2464 scriptam
1116 2424 1211 2454 esse
1254 2412 1490 2464 explicant.
1560 2411 1720 2462 Itaque
1762 2422 1856 2452 cum
1887 2409 1974 2451 iam

200 2480 301 2522 huic
332 2481 693 2533 interpretationi
725 2480 1013 2522 difficultates
1037 2481 1175 2522 insint
1204 2481 1319 2532 apud
1341 2480 1608 2532 interpretes
1631 2479 1759 2532 ipsos,
1792 2477 1975 2531 accedit,

201 2550 314 2600 quod
346 2550 510 2591 nullum
543 2549 629 2591 iam
662 2555 759 2601 post
793 2554 924 2600 caput
947 2549 1083 2590 XXII
1115 2549 1463 2590 additamentum
1491 2546 1740 2599 exspectari
1772 2546 1974 2588 diximus.

201 2617 440 2658 Praeterea
472 2617 627 2659 mirum
659 2621 737 2669 est,
785 2630 880 2658 cum
912 2617 999 2658 iam
1030 2616 1076 2658 in
1109 2616 1440 2668 archaeologiae
1483 2615 1703 2668 capitibus
1734 2614 1889 2655 XVHI
1929 2616 1974 2655 et

202 2685 314 2726 XIX
347 2686 398 2727 de
433 2686 543 2727 bello
575 2686 809 2727 Persarum
843 2690 987 2727 actum
1020 2685 1090 2738 sit,
1122 2685 1281 2727 iterum
1304 2685 1417 2726 hanc
1439 2683 1806 2736 comparationem
1838 2682 1974 2723 inter-

200 2752 359 2795 iectam
391 2766 499 2795 esse.
559 2753 698 2806 Quam
723 2753 1029 2795 difficultatem
1061 2754 1233 2795 solvere
1264 2752 1409 2795 conati
1440 2756 1542 2793 sunt
1564 2751 1729 2794 Herbst
1760 2754 1805 2792 et
1827 2749 1973 2804 Steup,

202 2820 276 2872 qui
308 2821 612 2874 archaeologia
644 2834 729 2863 non
763 2821 848 2863 nisi
882 2823 934 2863 de
965 2821 1097 2863 rebus
1129 2825 1230 2863 ante
1262 2820 1423 2863 bellum
1454 2820 1687 2862 Persarum
1728 2817 1867 2871 gestis
1898 2817 1974 2870 agi

202 2888 573 2931 existimaverunt
605 2894 649 2932 et
680 2889 830 2941 capita
861 2889 1018 2930 XVIII
1050 2892 1094 2930 et
1125 2889 1238 2930 XIX
1270 2887 1599 2940 archaeologiae
1631 2885 1822 2928 eximere
1853 2886 1974 2928 volu-

201 2960 341 3010 erunt,
374 2969 459 3008 qua
492 2958 543 2999 de
574 2969 621 2999 re
663 2957 781 2999 infra
823 2957 1123 2999 disserendum
1166 2956 1262 2998 erit.
1332 2955 1416 2997 Sed
1458 2956 1539 2997 hac
1581 2955 1632 2996 de
1674 2966 1808 2996 causa
1849 2953 1973 2996 ambo

321 3069 343 3112 1)
370 3070 412 3103 cf.
440 3058 653 3104 cwiknflski
678 3070 700 3104 1.
727 3070 749 3104 1.
776 3081 808 3113 p.
834 3070 887 3103 24.
