2061 3337
998 148 1280 188 -12-.

249 263 553 315 archaeologia
574 263 775 315 φαίνεται
801 259 899 313 γὰρ
922 259 1004 301 κτλ.
1065 259 1371 312 Cognoscimus
1394 261 1690 314 Thucydidem
1712 263 2020 315 gravissimam

249 331 514 375 sententiam
555 329 599 371 in
643 328 770 370 initio
811 340 971 380 ponere
1009 323 1053 369 e't
1095 327 1293 380 singulas
1334 328 1651 380 explicationes
1684 330 1815 373 aliam
1847 344 1900 373 ex
1931 331 2021 374 alia

247 401 487 453 pendentes
520 400 672 450 postea
714 398 928 449 adserere,
969 408 1064 437 cum
1107 408 1184 437 nos
1225 396 1483 448 plerumque
1515 409 1538 438 e
1570 397 1756 450 singulis
1784 400 1915 441 rebus
1946 411 2020 441 ex-

246 471 467 510 struamus
499 470 544 507 et
574 465 619 507 in
651 464 779 506 finem
810 463 1119 516 graviSsimam
1152 464 1416 506 sententiam
1449 464 1733 517 imponamus.

360 534 560 586 Denique
583 533 716 575 etiam
740 532 784 573 in
806 532 955 574 verbis
978 531 1031 571 τὰ
1052 529 1138 585 πρὸ
1160 530 1297 572 αὐτῶν
1322 531 1392 571 καὶ
1423 534 1476 572 τὰ
1498 530 1560 573 ἔτι
1591 533 1832 589 παλαίτεροι
1853 535 2021 578 Herbst

245 608 289 646 et
308 604 444 654 Steup
462 602 751 643 offenderunt.
783 600 844 642 Et
861 600 1047 652 primum
1064 599 1245 652 81001110
1262 600 1417 642 mirum
1435 600 1624 654 videtur,
1647 602 2017 654 praepositionem

245 671 332 724 πρό
355 673 406 713 de
439 672 588 712 aetate
621 670 748 711 iuxta
780 667 1071 721 antecedenti,
1103 680 1214 719 quae
1247 668 1389 710 aetati
1409 670 1582 721 longius
1605 671 1887 712 antecedenti
1920 683 2020 713 con-

244 740 386 782 traria
410 739 479 793 sit,
508 736 719 781 adhiberi.
761 736 893 778 Cuius
916 735 1164 778 offensionis
1193 749 1326 779 causa
1352 741 1420 779 est
1452 737 1567 780 falsa
1593 739 1823 782 verborum
1846 738 1898 779 τὰ
1931 737 2019 793 πρὸ

244 808 379 848 αὐτῶν
400 805 711 859 interpretatio
725 804 921 847 Classeni
941 817 966 845 a
984 803 1163 857 Steupio
1182 808 1382 857 accepta:
1407 804 1537 858 „121³sz
1553 807 1797 859 gebraucht
1815 808 1892 849 Th.
1905 807 2023 849 oster

244 880 466 929 pragnant
491 887 576 917 von
599 875 676 916 der
699 874 809 915 eben
831 873 1145 925 vorliegenden
1168 872 1319 925 Sache,
1344 875 1439 915 dem
1463 875 1788 927 besprochenen
1812 876 2018 917 170111311-

243 945 409 996 111880“;
442 945 518 985 sed
539 942 736 984 omnibus
758 942 877 994 locis,
899 953 1004 992 quos
1032 941 1127 993 ipse
1159 944 1204 983 et
1226 941 1362 994 Steup
1398 941 1603 996 afferunt,
1634 942 1743 983 αὐτά
1773 956 1943 996 semper
1973 943 2020 985 in

243 1016 410 1055 certum
426 1012 607 1054 verbum
639 1013 771 1053 antea
788 1009 999 1061 scriptum
1021 1009 1178 1051 referri
1194 1013 1354 1062 potest.
1416 1011 1558 1053 Unum
1584 1015 1728 1053 autem
1750 1013 1902 1066 locum,
1935 1024 2019 1064 quo

241 1082 356 1123 idem
388 1079 441 1120 τὰ
472 1078 558 1133 πρὸ
590 1077 725 1118 αὐτῶν
746 1078 958 1130 scriptum
981 1081 1059 1129 est,
1091 1090 1175 1120 non
1203 1079 1535 1131 adscripserunt
1563 1092 1616 1122 ex
1640 1080 1743 1122 libri
1762 1081 1847 1122 VII
1871 1080 2018 1133 capite

243 1150 331 1202 LV,
349 1151 392 1191 2:
408 1149 462 1188 τά
483 1162 526 1188 τε
549 1145 634 1201 πρὸ
657 1146 793 1186 αὐτῶν
814 1143 1004 1200 ἠπόρουν
1021 1145 1092 1186 καὶ
1116 1142 1264 1201 ἐπειδή
1281 1161 1327 1201 γε
1343 1147 1412 1187 καὶ
1435 1154 1531 1196 ταῖς
1548 1147 1691 1189 ναυσὶν
1708 1145 2017 1204 ἐκρατήθησαν,

243 1216 267 1258 ὅ
299 1216 372 1258 οὐκ
403 1216 452 1256 ἂν
484 1216 631 1270 ᾤοντο,
664 1213 808 1267 πολλῷ
843 1212 891 1268 δὴ
921 1213 1081 1266 μᾶλλον
1110 1211 1185 1261 ἔτι,
1216 1216 1293 1257 ubi
1325 1218 1473 1258 eodem
1496 1218 1618 1259 modo
1651 1220 1784 1269 atque
1814 1218 1894 1259 hoc
1923 1219 2016 1259 loco

240 1286 379 1329 verba
408 1284 460 1324 τὰ
492 1283 578 1339 πρὸ
610 1282 750 1323 αὐτῶν
792 1284 845 1325 de
875 1284 1008 1324 rebus
1038 1283 1084 1325 id
1115 1287 1298 1337 tempus,
1343 1285 1395 1326 de
1436 1297 1519 1337 quo
1552 1286 1712 1340 agitur,
1756 1287 2016 1327 anteceden-

240 1355 358 1397 tibus
393 1354 680 1403 adhibentur;
713 1350 851 1391 αὕτῶν
881 1352 923 1392 111
959 1353 1123 1393 11011001
1147 1353 1328 1394 verbum
1361 1354 1626 1395 antecedens
1657 1353 1815 1395 referri
1847 1357 2012 1406 potest;

239 1435 378 1475 neque
421 1434 554 1463 causa
595 1421 686 1462 ulla
727 1424 806 1474 est,
850 1433 926 1462 cur
967 1419 1101 1472 Steup
1147 1421 1565 1474 „unmittelbar
1607 1424 1709 1464 vor“
1753 1425 1902 1464 vertat
1942 1423 2014 1464 vel

238 1494 352 1533 hanc
392 1489 657 1533 sententiam
699 1489 944 1541 postulet¹).
1015 1488 1185 1530 Deinde
1228 1493 1373 1531 autem
1415 1488 1562 1542 Steup,
1603 1502 1696 1532 cum
1744 1489 1938 1532 Herbstii
1969 1490 2013 1531 in

239 1561 371 1602 verbo
402 1557 572 1598 παλαιά
613 1556 746 1599 etiam
789 1558 841 1598 de
883 1557 995 1598 bello
1027 1557 1261 1599 Persarum
1303 1561 1348 1599 et
1388 1557 1703 1609 posterioribus
1744 1558 2012 1611 temporibus

240 1627 437 1670 adhibito
468 1626 727 1668 offensiones
758 1625 898 1678 reicit,
939 1625 1125 1666 miratur
1156 1625 1453 1679 Thucydidem
1494 1626 1539 1668 in
1582 1628 1690 1669 duas
1720 1629 1873 1679 partes
1906 1631 2014 1668 tem-

238 1709 345 1748 pora
377 1695 524 1748 priora
556 1694 816 1745 discernere,
848 1706 942 1735 cum
973 1706 1105 1735 unum
1129 1695 1181 1735 de
1214 1695 1421 1736 ambobus
1452 1694 1660 1736 iudicium
1692 1695 1868 1737 habeat.
1928 1694 2012 1737 Sed

237 1764 399 1817 optime
420 1763 471 1806 U.
503 1763 668 1825 Kohler
700 1762 1103 1815 (commentationes
1135 1763 1178 1803 in
1208 1764 1409 1805 honorem
1434 1763 1687 1804 Mommseni
1706 1776 1746 1816 p.
1768 1764 1867 1817 371)
1901 1765 2009 1806 duas

237 1834 316 1874 has
357 1835 509 1884 partes
551 1831 684 1873 etiam
726 1831 770 1872 in
813 1830 1117 1883 archaeologia
1157 1830 1302 1873 factas
1345 1843 1438 1873 esse
1481 1835 1525 1873 et
1565 1833 1760 1874 consulto
1800 1833 1880 1874 hoc
1919 1833 2014 1874 1000

238 1900 426 1942 discerni
449 1899 724 1941 observavit:
757 1899 801 1939 in
823 1898 965 1951 prima
987 1899 1099 1940 enim
1125 1900 1456 1952 archaeologiae
1479 1902 1605 1952 parte
1627 1900 1730 1942 inde
1752 1913 1777 1942 a
1798 1900 1943 1952 capite
1963 1900 2011 1942 II

237 1982 373 2021 usque
408 1969 463 2010 ad
493 1968 583 2009 XII
624 1967 768 2009 omnia
809 1971 1050 2019 temporum
1083 1969 1187 2009 data
1220 1969 1275 2010 ad
1307 1968 1467 2009 bellum
1498 1968 1710 2021 Troicum,
1741 1968 1786 2010 in
1818 1970 2010 2010 secunda

237 2038 337 2079 inde
381 2051 405 2079 a
447 2037 592 2089 capite
625 2035 739 2077 XIII
781 2047 917 2087 usque
961 2036 1014 2077 ad
1045 2035 1158 2076 XIX
1200 2037 1255 2078 ad
1296 2037 1457 2078 bellum
1498 2036 1912 2089 Peloponnesiacum
1943 2049 2016 2079 re-·

235 2105 449 2158 feruntur,
481 2108 531 2146 ut
552 2104 737 2156 priorem
760 2108 929 2155 partem
952 2102 1005 2143 τὰ
1025 2100 1088 2143 ἔτι
1118 2103 1372 2157 παλαίτεροι,
1405 2106 1640 2147 secundam
1671 2104 1725 2144 τὰ
1755 2103 1840 2157 πρὸ
1871 2103 2009 2145 αὐτῶν

235 2186 331 2216 0880
363 2173 495 2215 0113111
536 2173 639 2214 inde
672 2184 993 2224 cognoscamus.
1062 2172 1286 2215 Postremo
1318 2173 1483 2214 Herbst
1514 2176 1559 2215 et
1589 2173 1724 2225 Steup
1766 2174 1904 2216 verba
1935 2172 2010 2214 διὰ

234 2241 388 2296 χρόνου
420 2240 590 2295 πλῆθος
631 2244 675 2282 01
717 2239 765 2280 οὐ
805 2239 970 2293 μεγάλα
1000 2240 1055 2283 118
1088 2240 1367 2293 temporibus,
1409 2253 1520 2293 quae
1560 2240 1613 2281 τὰ
1643 2242 1731 2296 πρὸ
1763 2240 1901 2282 αὐτῶν
1933 2254 2010 2294 ap-

233 2311 465 2363 pellentur,
496 2321 581 2351 non
613 2312 718 2360 apta
749 2321 845 2350 esse
877 2308 1041 2350 dicunt.
1103 2308 1186 2351 Sed
1219 2310 1270 2351 de
1302 2309 1416 2351 bello
1452 2310 1685 2351 Persarum
1719 2322 1771 2351 ea
1803 2309 2006 2352 adhiberi

234 2390 359 2431 posse
378 2391 403 2419 a
416 2378 595 2429 Steupio
611 2389 778 2429 quoque
795 2377 1048 2419 conceditur
1066 2380 1110 2418 et
1122 2378 1282 2419 bellum
1300 2378 1532 2419 Persarum
1553 2377 1686 2419 etiam
1705 2391 1731 2420 a
1749 2378 2007 2432 Thucydide

233 2459 316 2488 non
348 2446 414 2488 ita
446 2458 649 2498 magnum
673 2444 974 2487 existimatum
996 2457 1093 2487 esse
1116 2446 1262 2497 capite
1286 2445 1446 2487 XXIII
1479 2446 1817 2488 demonstratur.
1879 2446 2004 2488 Tem-

233 2527 339 2566 pora
381 2517 526 2556 autem
569 2514 683 2555 bello
724 2514 956 2555 Persarum
998 2513 1256 2565 posteriora,
1299 2514 1352 2555 de
1393 2513 1552 2565 quibus
1594 2513 1730 2566 Steup
1773 2513 2004 2567 cogitavit,

234 2583 346 2634 quod
386 2594 456 2624 res
494 2585 645 2634 gestas
684 2581 859 2634 attinet,
900 2594 983 2623 non
1024 2582 1154 2623 Valde
1191 2594 1352 2633 magna
1391 2582 1529 2624 fuisse
1571 2585 1769 2635 apparet,
1810 2585 2004 2624 ceterum

233 2651 531 2703 Thucydidem
553 2651 633 2692 hoc
653 2651 746 2692 1000
770 2650 826 2691 311
857 2650 965 2691 11300
987 2649 1064 2692 vix
1095 2650 1343 2702 respexisse
1374 2654 1536 2702 putem,
1568 2662 1662 2692 cum
1694 2662 1766 2693 res
1788 2650 2004 2702 gravissi-

231 2730 325 2760 mas
367 2731 507 2770 neque
539 2730 642 2760 vero
684 2718 931 2769 singularia
973 2717 1116 2760 omnia
1147 2718 1193 2759 in
1231 2718 1374 2760 animo
1415 2719 1611 2760 haberet.
1670 2718 1821 2769 Neque
1868 2730 1921 2760 ex
1952 2730 2000 2760 re

232 2790 311 2839 081,
342 2786 521 2827 nimiam
554 2785 850 2828 subtilitatem
881 2785 1268 2837 interpretationis
1300 2786 1525 2828 adhibere.

348 2898 373 2943 1)
400 2898 642 2934 Wilamowitz
669 2898 755 2932 mihi
774 2898 900 2933 3110111
917 2897 1096 2940 Sophoclis
1122 2898 1326 2942 Antigonae
1344 2910 1486 2934 versum
1505 2898 1581 2942 611,
1608 2898 1669 2933 ubi
1686 2902 1791 2942 poeta
1817 2899 1853 2933 in
1877 2899 2001 2934 futuro

228 2959 390 2998 tempore
415 2958 454 2986 τό
480 2954 509 2986 τ’
535 2956 655 2986 ἔπειτα
680 2957 738 2986 καὶ
763 2957 802 2986 τὸ
827 2953 955 2996 μέλλον
981 2955 1182 2999 distinguit,
