2061 3337
950 156 1234 198 -22-

201 273 296 318 κίας
341 269 574 324 αὐξηθῆναι
616 273 761 311 61116111
802 268 1027 310 continere
1066 265 1138 308 τὸν
1177 267 1314 321 λόγον,
1356 268 1430 320 (1111
1471 270 1692 321 probetur,
1734 269 1975 323 existimet,

203 339 315 380 hanc
344 339 538 390 postulat
571 336 859 378 sententiam:
894 336 1101 388 „Atticae
1132 335 1373 378 incolarum
1405 336 1632 378 stabilitas
1663 340 1971 390 argumentum

203 410 281 459 est,
314 418 395 457 quo
426 404 639 447 Graeciae
663 408 833 446 ceteras
856 408 1006 456 partes
1028 406 1206 456 propter
1226 403 1512 456 migrationes
1535 417 1620 446 non
1643 417 1782 457 aeque
1815 409 1970 448 auctas

200 486 295 516 esse
328 473 686 514 demonstretur.“
750 471 828 513 Cui
861 471 1222 523 interpretationi
1254 476 1486 525 repugnat,
1517 474 1631 525 quod
1661 474 1783 515 modo
1816 486 1974 526 cogno·

201 542 355 593 vimus,
388 539 651 582 sententiam
683 539 757 594 τὴν
787 546 888 593 γοῦν
918 539 1100 591 Ἀττικὴν
1130 539 1211 582 κτλ.
1244 545 1548 593 argumentum
1594 553 1689 583 esse
1720 542 1972 584 sententiae

203 608 525 660 antecedentis,
566 621 650 660 qua
693 613 862 650 ceteras
904 609 1105 661 regiones
1151 610 1383 661 plerasque
1433 609 1641 651 habuisse
1682 609 1973 662 migrationes

202 677 445 729 expositum
479 680 595 727 erat3
627 689 708 717 non
743 676 882 729 igitur
922 676 1105 718 alterius
1147 677 1211 718 rei
1252 680 1485 729 praeterea
1528 681 1831 729 argumentum
1874 690 1970 720 esse

199 749 356 798 potest.
415 745 547 786 Porro
579 745 716 786 verba
749 743 820 784 διὰ
840 744 917 792 τὰς
936 746 1157 796 μετοικίας
1178 746 1230 786 de
1257 745 1688 798 commigrationibus
1709 745 1975 798 intellegere

199 813 339 855 voluit
385 813 579 865 Kriiger,
633 812 759 864 quasi
805 813 1016 865 scriptum
1058 817 1175 855 esset
1212 813 1500 868 μετοικήσεις,
1551 826 1663 866 (11166
1704 814 1975 867 significatio

199 881 323 924 Verbi
365 882 558 932 μετοικία
599 880 838 932 singularis
875 885 1005 923 esset.
1090 882 1285 923 Tertiam
1330 881 1744 934 interpretationem
1785 882 1970 934 protulit

198 949 367 991 Ullrich
409 948 562 997 (Beitr.
603 960 680 990 zur
721 949 842 990 Erkl.
887 951 962 991 des
1005 950 1144 991 Thuk.
1185 963 1224 1002 p.
1268 951 1348 991 174
1371 957 1499 1003 sqq),
1551 962 1676 1002 quem
1729 955 1977 1002 sequuntur·

199 1017 379 1059 Classen
421 1016 556 1069 Steup
598 1017 725 1060 Stahl
767 1018 906 1060 Hude.
984 1018 1027 1059 Is
1070 1017 1413 1060 demonstrativo
1452 1016 1548 1057 τόδε
1589 1018 1832 1071 significari
1874 1031 1975 1060 sen-

198 1085 384 1128 tentiam
437 1082 482 1125 ἐκ
531 1085 611 1139 γὰρ
657 1091 729 1140 τῆς
777 1084 903 1139 ἄλλης
951 1084 1149 1133 Ἑλλάδος
1197 1085 1282 1127 κτλ.
1330 1086 1530 1139 putavit,
1581 1099 1692 1139 quae
1747 1086 1971 1128 sententia

198 1157 501 1206 argumentum
536 1155 594 1196 sit
625 1161 701 1194 τοῦ
732 1153 860 1208 λόγου
893 1153 963 1194 διὰ
1003 1154 1079 1203 τὰς
1123 1156 1343 1206 μετοικίας
1383 1153 1425 1203 ἐς
1466 1154 1519 1194 τὰ
1564 1153 1672 1194 ἄλλα
1711 1154 1767 1210 μὴ
1810 1155 1970 1206 ὁμοίιος
2024 1151 2049 1218 '¹

198 1220 460 1276 αὐξηθῆναι,
491 1223 606 1264 1111116
637 1222 905 1265 infinitivum
938 1227 1085 1264 autem
1116 1226 1317 1275 repetere
1349 1223 1615 1265 sententiam
1659 1236 1791 1275 supra
1833 1223 1967 1275 scrip-

198 1294 299 1343 tam,
330 1290 668 1347 migrationibus
701 1292 931 1333 Graeciam
964 1292 1242 1333 debilitatam
1276 1303 1372 1333 esse
1403 1295 1582 1343 praeter
1615 1291 1822 1333 Atticam.
1883 1291 1968 1333 Sed

198 1360 310 1400 duae
350 1359 450 1400 huic
492 1359 853 1411 interpretationi
895 1360 1074 1401 obstant
1115 1359 1394 1402 offensiones:
1446 1360 1632 1412 primum
1674 1360 1828 1402 mirum
1872 1372 1972 1402 esse·

196 1427 304 1469 mihi
336 1427 524 1479 videtur,
555 1440 639 1469 non
670 1429 811 1480 magis
843 1428 1072 1480 perspicuo
1104 1428 1252 1470 ordine
1285 1428 1584 1482 Thucydidem
1605 1430 1685 1470 has
1717 1428 1967 1470 sententias

196 1495 431 1548 protulisse
462 1496 507 1537 in
539 1497 654 1537 hunc
684 1496 776 1538 fere
808 1498 997 1538 modum:
1031 1493 1073 1545 ἐς
1102 1496 1154 1536 τὰ
1187 1491 1299 1537 ὁόῧν
1330 1495 1435 1537 ἄλλα
1466 1495 1489 1549 ἡ
1524 1495 1669 1545 Ἑλλὰς
1700 1495 1775 1547 οὐχ
1808 1494 1970 1548 ὁμοίως

195 1563 359 1619 ηὐξήθη
392 1563 460 1603 καὶ
486 1563 761 1618 παράδειγμα
791 1563 887 1605 τόδε
919 1571 993 1605 τοῦ
1023 1564 1167 1619 λόγου·
1198 1562 1243 1605 ἐκ
1274 1565 1354 1619 γὰρ
1385 1570 1461 1620 τῆς,
1485 1563 1611 1619 ἄλλης
1641 1564 1839 1614 Ἑλλάδος
1869 1564 1973 1618 mit,

197 1632 353 1675 deinde
385 1633 605 1674 sententia
644 1630 688 1673 ἐκ
718 1633 798 1687 γὰρ
828 1639 901 1688 τῆς
931 1631 1060 1688 ἄλλης
1091 1632 1287 1681 Ἑλλάδος
1319 1633 1418 1682 κτλ.,
1451 1647 1536 1686 (1116
1568 1635 1774 1686 quomodo
1807 1634 1971 1676 ceteris.

197 1701 499 1743 deficientibus
532 1701 683 1743 Attica
715 1702 906 1743 creverit
928 1707 1146 1754 narratur,
1177 1715 1261 1743 non
1283 1705 1601 1755 argumentum,
1632 1703 1707 1744 sed
1730 1701 1971 1754 explicatio*

195 1772 368 1811 tantum
401 1781 496 1811 esse
527 1774 674 1821 potest
705 1769 927 1822 infinitivi,
959 1783 1041 1822 quo
1084 1774 1252 1812 ceteras
1285 1770 1498 1812 Graeciae
1529 1774 1680 1822 partes
1712 1783 1795 1812 non
1828 1782 1966 1822 aeque

196 1841 326 1890 atque
370 1838 565 1879 Atticam
608 1851 703 1880 esse
745 1844 898 1881 auctas
940 1838 1198 1880 affirmatur.
1269 1839 1406 1892 Quam
1449 1852 1544 1880 611111
1584 1838 1789 1882 Ullrichii
1831 1840 1971 1881 inter-

195 1907 484 1958 pretationem
519 1919 754 1959 agnoscere
785 1919 869 1949 non
901 1907 1126 1961 possimus,
1158 1912 1305 1949 tamen
1338 1907 1501 1959 optime
1543 1908 1797 1950 emendavit
1829 1908 1964 1950 verba

195 1972 265 2015 διὰ
295 1974 369 2023 τὰς
399 1977 632 2027 μετοικίας,
665 1988 759 2017 611111
791 1988 868 2027 pro
890 1977 1111 2027 μετοικίας
1141 1973 1185 2024 ἐς
1207 1976 1386 2028 scripsit
1407 1977 1680 2032 μετοικήσεις,
1715 1990 1800 2028 (1116
1822 1988 1965 2018 emen-

195 2043 370 2085 datione
401 2044 562 2095 optime
592 2043 643 2083 τὰ
670 2042 778 2083 ἄλλα
808 2043 858 2084 fit
890 2043 1134 2086 subiectum
1166 2044 1378 2086 infinitivi
1411 2056 1540 2087 sensu
1572 2058 1655 2087 non
1678 2048 1846 2087 mutato
1870 2044 1969 2097 qui—

196 2111 302 2163 dem,
334 2113 411 2152 sed
441 2112 581 2163 magis
611 2112 851 2170 perspicuo.
912 2112 1198 2163 Agnoscimus
1229 2111 1369 2164 igitur
1400 2125 1494 2155 611111
1528 2113 1733 2155 Ullrichii
1765 2113 1963 2155 emenda-

195 2179 313 2220 tione
336 2179 599 2221 scholiastae
623 2179 1051 2232 interpretationem:
1083 2181 1319 2222 multarum
1346 2192 1423 2232 per
1455 2186 1626 2223 ceteras
1653 2179 1867 2224 Graeciae
1898 2193 1969 2222 re-

193 2246 342 2299 giones
374 2253 551 2300 praeter
582 2248 775 2290 Atticam
807 2247 1209 2300 commigrationum
1243 2253 1548 2300 argumentum
1591 2262 1697 2301 esse,
1737 2251 1817 2292 has
1849 2249 1966 2302 regi·

194 2327 296 2357 ones
327 2328 411 2357 non
444 2320 674 2368 tantopere
707 2320 860 2359 auctas
893 2330 987 2360 esse
1019 2330 1147 2370 quam
1181 2319 1387 2370 Atticam,
1429 2331 1540 2370 quae
1581 2331 1650 2361 res
1693 2331 1741 2361 60
1774 2317 1961 2369 explica-

194 2387 277 2435 tur,
300 2385 411 2435 quod
430 2396 452 2425 e
470 2384 690 2427 seditiosis
714 2386 965 2437 regionibus
988 2386 1116 2428 multi
1139 2387 1307 2429 incolae
1325 2387 1370 2428 in
1389 2387 1568 2428 Atticae
1591 2387 1966 2439 tranquillitatem

194 2452 573 2504 transmigrarent.

307 2520 476 2572 Capitis
507 2521 553 2562 II
586 2534 793 2563 summam
836 2533 930 2564 esse
961 2523 1073 2564 hanc
1115 2522 1414 2575 cognovimus:
1455 2527 1634 2575 propter
1675 2523 1968 2576 migrationes·

194 2588 381 2630 Graecia
412 2589 731 2641 antiquissimis
763 2591 1029 2642 temporibus
1061 2590 1234 2632 infirma
1265 2595 1310 2632 et
1343 2591 1501 2633 debilis
1534 2595 1644 2633 erat.

307 2656 448 2699 Huius
480 2657 753 2700 infirmitatis
783 2672 927 2701 rerum
958 2659 1199 2711 priscarum
1231 2659 1376 2711 capite
1406 2659 1476 2700 III
1508 2663 1659 2701 auctor
1681 2660 1810 2701 affert
1833 2673 1966 2712 argu-

192 2728 403 2766 mentum:
437 2723 556 2779 δηλοῖ
586 2724 634 2765 δέ
661 2740 734 2778 μοι
766 2726 835 2766 καὶ
866 2725 962 2767 τόδε
993 2733 1077 2766 τῶν
1098 2725 1297 2766 παλαιῶν
1317 2725 1542 2767 ἀσθένειαν
1564 2726 1639 2778 οὐχ
1660 2727 1819 2782 ἥκιστα.
1874 2728 1960 2770 Ubi

192 2793 375 2834 haereat
411 2793 598 2835 fortasse
631 2794 791 2847 aliquis
822 2795 867 2836 in
898 2794 1118 2847 particula
1159 2796 1241 2847 καί,
1285 2807 1339 2836 ex
1371 2808 1457 2847 qua
1498 2807 1711 2847 apparere
1752 2795 1967 2838 videatur·

191 2859 278 2901 iam
313 2864 445 2902 antea
477 2862 530 2902 ab
565 2866 741 2904 auctore
783 2863 903 2904 aliud
945 2868 1247 2915 argumentum
1290 2865 1472 2905 allatum
1515 2875 1630 2915 esse3
1671 2864 1747 2905 sed
1788 2876 1882 2906 cum
1915 2864 1960 2905 111

193 2927 337 2979 capite
362 2929 403 2969 'H
427 2930 590 2971 nullum
614 2930 883 2973 infirmitatis
916 2935 1217 2983 argumentum
1241 2933 1424 2973 allatum
1456 2931 1516 2973 sit
1547 2956 1601 2960 -—
1632 2932 1744 2984 quod
1776 2933 1959 2974 allatum

192 3000 270 3048 est,
299 3000 365 3037 661
396 3002 699 3048 argumentum
732 2999 1132 3051 commigrationum
1169 3024 1228 3051 —,
1260 2999 1458 3041 videmus
1498 3000 1578 3041 hoc
1607 3000 1698 3041 loco
1739 3005 1963 3041 auctorem

191 3062 289 3103 aliis
322 3065 590 3115 argumentis
622 3066 873 3118 minoribus,
905 3079 1016 3118 quae
1057 3067 1102 3108 in
1144 3067 1286 3109 animo
1327 3073 1422 3108 6666
1464 3070 1659 3119 possunt,
1702 3067 1965 3119 praeteritis-
