2061 3337
983 153 1260 195 -38-

228 261 413 304 Graecia
446 275 527 304 non
561 263 701 305 minus
734 264 887 316 augeri
919 277 1001 306 non
1034 266 1240 317 potuerit.
1302 268 1449 310 Verba
1490 269 1596 309 ὥστε
1636 270 1693 325 μὴ
1724 270 1996 324 ἡσυχάσασαν

227 328 459 383 αὐξηθῆναι
489 330 674 384 Kriiger‚
707 343 830 382 quem
854 344 1000 375 omnes
1021 333 1289 386 interpretes
1313 340 1567 391 sequuntur,
1599 351 1682 380 non
1709 342 1828 381 recte
1858 340 1997 382 inter-

226 397 394 449 pretari
424 397 530 439 mihi
562 399 753 452 videtur,
785 411 879 441 cum
912 402 1175 452 particulam
1197 402 1252 456 μή
1274 408 1319 444 et
1341 405 1397 445 ad
1419 405 1704 457 participium
1726 405 1999 459 ἡσυχάσασαν

226 468 270 506 et
316 467 372 506 ad
418 467 597 508 verbum
641 466 879 522 αὕξηθῆναι
919 469 1086 511 referat
1128 475 1174 512 et
1215 472 1330 513 hanc
1371 473 1636 515 sententiam
1681 476 1878 517 evolvat:
1924 481 1998 523 „ut

227 533 424 585 Graecia,
456 546 549 575 011111
582 548 665 577 11011
707 541 868 587 pacata
908 540 1036 589 esset,
1079 538 1212 580 etiam
1253 540 1405 591 augeri
1450 553 1533 582 11011
1574 544 1761 593 posset.“
1835 543 1999 587 Tamen

227 601 468 653 simplicius
501 606 545 644 et
576 603 739 645 rectius
770 604 1150 659 interpretaberiS,
1191 606 1228 649 si
1260 608 1520 659 particulam
1562 610 1618 664 μή
1667 611 1722 651 ad
1763 609 1997 666 αὐξηθῆναι

226 671 362 711 30111111
394 670 558 712 referes
591 675 635 713 et
666 677 838 713 vertes:
884 677 958 725 „ut
990 673 1179 716 Graecia
1210 687 1287 727 per
1318 689 1466 727 pacem
1511 678 1664 730 augeri
1705 691 1788 720 non
1821 682 1994 731 posset“

225 739 317 779 vel:
353 743 427 791 „ut
457 739 503 780 in
536 740 747 781 eiusmodi
779 741 1029 783 condicione
1059 755 1143 784 non
1176 748 1303 797 esset,
1335 747 1385 785 ut
1415 757 1494 796 per
1529 757 1681 798 pacem
1723 749 2001 799 augeretur“.

225 807 356 848 Porro
390 813 542 849 auctor
575 809 709 850 verba
738 809 1017 859 μετανίστατό
1046 825 1092 850 τε
1123 810 1193 850 καὶ
1225 811 1477 866 κατῳκίζετο
1521 813 1728 866 explicat,
1770 827 1883 866 quae
1924 828 1997 857 ex-

224 875 405 927 plicatio
436 876 656 928 particula
687 878 766 931 γάρ
800 878 1011 920 adiuncta
1041 879 1273 931 particulis
1315 879 1453 920 τὲ-καί
1482 881 1528 923 in
1562 883 1671 924 duas
1702 888 1854 934 partes
1885 884 1999 925 divi-

226 943 366 985 ditur:
408 944 591 996 primum
627 957 768 987 serum
801 946 1064 989 Graecorum
1100 960 1123 988 e
1164 949 1276 990 bello
1316 949 1470 991 Troico
1512 949 1700 992 reditum
1744 963 1881 994 novas
1927 964 1996 995 res

224 1012 432 1064 effecisse,
464 1013 539 1054 ubi
573 1014 869 1067 Thucydidem
902 1015 1115 1067 imprimis
1153 1017 1205 1058 de
1238 1017 1577 1069 Agamemnonis
1609 1022 1748 1060 morte
1780 1020 1996 1071 cogitasse

224 1081 532 1132 concludimus,
565 1082 720 1124 deinde
754 1083 870 1124 viros
903 1083 1090 1125 internis
1122 1085 1413 1127 seditionibus
1445 1099 1467 1127 e
1496 1086 1758 1129 civitatibus
1792 1090 1995 1140 expulsos

223 1160 337 1190 nova
368 1148 529 1201 oppida
561 1151 818 1192 condidisse.
881 1150 1111 1193 Offendere
1134 1154 1378 1204 complures
1410 1154 1528 1196 Viros
1552 1155 1700 1196 doctos
1733 1156 1775 1197 in
1811 1156 1996 1198 articulo

223 1217 452 1258 verborum
483 1216 576 1266 τὰς
617 1218 767 1267 πόλεις
809 1221 953 1271 probo,
996 1233 1079 1261 11011
1121 1221 1235 1262 enim
1278 1223 1330 1263 de
1372 1227 1587 1264 certorum
1627 1223 1882 1275 oppidorum
1924 1225 1997 1266 vel

224 1285 454 1327 civitatum
497 1299 673 1328 numero
716 1288 886 1339 scimus⁷
929 1301 1041 1339 quae
1083 1287 1127 1328 αἱ
1168 1289 1317 1338 πόλεις
1364 1291 1616 1342 appellatae
1655 1291 1755 1344 sint,
1796 1292 1841 1333 id
1883 1293 1995 1343 quod

224 1354 402 1396 Classen
435 1355 614 1408 putavit
637 1380 688 1384 —
713 1358 789 1398 sed
821 1356 1057 1399 sententiis
1089 1357 1423 1409 insequentibus
1447 1360 1682 1402 nonnullae
1703 1361 1852 1402 harum
1888 1361 1999 1403 civi-

223 1426 365 1464 tatum
399 1423 587 1475 exempli
619 1436 753 1465 causa
786 1425 1043 1475 afferuntur,
1085 1438 1194 1477 quas
1228 1426 1376 1468 afferri
1408 1439 1492 1469 non
1534 1440 1629 1469 cum
1664 1427 1869 1470 Classeno
1901 1431 1995 1470 vul-

221 1492 342 1543 garis
374 1492 562 1533 nominis
594 1497 901 1544 argumentum
934 1495 1176 1545 putandum
1211 1498 1279 1536 est
1311 1520 1374 1547 —-‚
1407 1507 1546 1548 neque
1577 1495 1752 1548 Kriiger
1793 1496 1867 1549 qui
1902 1509 1995 1539 ver-

222 1560 280 1601 tit
316 1561 412 1611 „die
443 1560 731 1613 beziiglichen
761 1561 943 1603 Stadte“
979 1562 1102 1604 nobis
1135 1564 1246 1605 satis
1277 1564 1399 1606 facit.
1460 1563 1543 1606 Sed
1575 1577 1666 1606 cum
1700 1565 1995 1607 Herwerdeno

222 1641 298 1680 pro
330 1629 406 1677 τάς
438 1629 704 1670 adiectivum
737 1628 867 1678 ἄλλοις
907 1632 977 1672 vel
1012 1643 1104 1672 cum
1138 1631 1363 1684 Madvigio
1396 1633 1491 1680 νέας
1523 1634 1593 1674 vel
1635 1633 1776 1675 simile
1808 1635 1997 1676 vocabu-

221 1698 309 1738 lum
342 1702 659 1748 exspectamus.
723 1697 987 1749 Explicatur
1020 1705 1163 1741 autem
1187 1700 1345 1742 iterum
1378 1701 1487 1743 haec
1519 1700 1757 1743 affirmatio
1787 1703 1838 1743 de
1870 1702 1995 1744 novis

221 1765 481 1806 civitatibus
514 1765 701 1807 conditis
735 1767 875 1808 allata
911 1792 960 1796 —
993 1767 1088 1809 sine
1121 1769 1231 1810 bona
1263 1781 1398 1810 causa
1431 1768 1566 1821 Steup
1614 1770 1880 1821 particulam
1913 1772 1992 1823 γάρ

222 1833 385 1875 delevit
420 1858 471 1862 -
505 1835 715 1886 exemplis
749 1835 1006 1877 Boeotorum
1038 1861 1094 1866 —
1126 1849 1231 1888 quos
1263 1837 1343 1878 hoc
1375 1836 1547 1879 nomine
1579 1850 1661 1879 non
1706 1843 1809 1879 ante
1850 1841 1993 1880 trans-

220 1901 525 1954 migrationem
559 1902 603 1942 in
636 1907 798 1945 terram
824 1903 1067 1946 Cadmeiam
1102 1917 1201 1946 usos
1234 1917 1330 1947 esse
1352 1907 1488 1947 verba
1522 1903 1564 1946 οἱ
1587 1912 1656 1945 νῦν
1679 1908 1993 1960 demonstrant,

222 1982 333 2021 quae
364 1970 500 2022 Steup
533 1972 680 2012 delere
712 1971 854 2013 voluit
885 1985 978 2014 cum
1012 1973 1097 2014 iam
1131 1972 1387 2025 daodaofflv
1417 1975 1496 2015 hoc
1528 1974 1699 2016 nomine
1741 1987 1864 2016 usum
1898 1987 1992 2017 esse

222 2040 275 2080 ab
309 2043 486 2080 auctore
509 2039 756 2081 existimari
779 2040 891 2082 falso
915 2041 1133 2083 coniceret
1155 2067 1220 2084 —.
1253 2042 1462 2094 exemplis
1484 2041 1645 2084 Dorum
1669 2043 1995 2095 migrationum‚

222 2107 431 2158 exemplis
473 2108 738 2149 coloniarum
784 2108 829 2149 in
870 2109 1044 2151 Joniam
1091 2111 1145 2151 ab
1189 2110 1534 2151 Atheniensibus
1582 2115 1626 2152 et
1672 2110 1901 2164 insulanis,
1946 2111 1992 2152 in

221 2175 397 2216 Italiam
432 2180 475 2217 et
517 2174 710 2217 Siciliam
759 2190 783 2217 a
815 2177 1175 2219 Lacedaemoniis
1222 2177 1530 2229 nonnullisque
1572 2182 1746 2220 ceterae
1780 2179 1993 2221 Graeciae

221 2243 390 2295 oppidis
424 2245 708 2285 deductarum
733 2269 784 2273 —-
808 2248 928 2287 recte
951 2245 1064 2287 enim
1086 2245 1221 2298 Steup
1250 2251 1401 2288 contra
1435 2246 1599 2288 scholia
1628 2246 1824 2299 aliosque
1856 2247 1992 2289 inter-

220 2315 368 2363 pretes
400 2309 514 2351 ἔστιν
554 2313 579 2351 ἃ
612 2314 748 2364 χωρία
789 2313 1103 2355 nominativum
1148 2326 1243 2356 esse
1289 2314 1403 2356 dixit
1437 2331 1510 2365 -3
1553 2327 1662 2366 quas
1705 2327 1851 2357 omnes
1893 2318 1992 2367 post

221 2380 419 2421 Troicum
444 2381 603 2422 bellum
628 2381 827 2423 conditas
851 2394 946 2423 esse
964 2383 1093 2434 plane
1123 2382 1255 2424 etiam
1277 2383 1496 2424 affirmare
1514 2384 1794 2437 Thucydides
1812 2395 1991 2425 necesse

220 2449 366 2489 habet.

635 2591 692 2634 Π.
735 2585 789 2631 τὰ
830 2586 922 2647 πρὸ
956 2589 1119 2634 αὐτῶν
1150 2594 1200 2640 (c.
1232 2592 1545 2645 XIII-XIX).

535 2739 578 2785 a)
616 2735 679 2776 De
709 2736 1023 2786 tyrannorum
1057 2737 1213 2778 aetate
1244 2737 1294 2788 (c.
1325 2736 1657 2789 XIII—XVII).

335 2857 481 2898 Novae
504 2857 667 2900 aetatis
691 2859 964 2900 condiciones
987 2863 1266 2911 exponuntur
1297 2859 1423 2900 initio
1447 2859 1607 2911 capitis
1629 2859 1766 2900 XIII:
1799 2857 1986 2899 δυνατω-

218 2926 340 2977 τέρας
364 2923 407 2964 δὲ
429 2928 673 2980 γιγνομένης
694 2933 766 2980 τῆς
783 2925 985 2975 Ἑλλάδος
1008 2927 1077 2967 καὶ
1101 2933 1186 2967 τῶν
1207 2928 1437 2982 χρημάτων
1458 2926 1530 2980 τὴν
1562 2931 1703 2980 κτῆσιν
1732 2923 1794 2966 ἔτι
1825 2926 1987 2977 μᾶλλον

220 2989 242 3043 ἢ
260 2991 468 3044 πρότερον
492 2996 755 3048 ποιουμένης
777 2994 828 3034 τὰ
846 2994 986 3034 πολλὰ
1007 2994 1253 3048 τυραννίδες
1274 2993 1316 3035 ἐν
1336 3001 1428 3043 ταῖς
1450 2993 1603 3034 πόλεσι
1624 2995 1883 3035 καθίσταντο
1901 2995 1986 3035 τῶν

219 3059 452 3112 προσόδων
484 3060 690 3111 μειζόνων
727 3066 1006 3114 γιγνομένων
1052 3062 1258 3116 πρότερον
1300 3061 1344 3102 δὲ
1388 3057 1491 3115 ἦσαν
1533 3061 1607 3102 ἐπὶ
1653 3061 1795 3116 ῥητοῖς
1837 3066 1984 3118 γέρασι
