2061 3337
816 145 1099 184 —29-

69 264 240 306 Graeco
272 275 492 315 excursus,
525 275 651 315 quem
696 265 750 305 ad
792 263 870 305 illa
911 264 963 304 de
1005 261 1138 303 armis
1175 258 1312 310 gestis
1353 259 1489 300 verba
1531 271 1576 300 se
1619 257 1841 310 applicare

71 337 268 384 apparet.
336 331 473 374 Recte
515 332 567 373 de
610 331 906 373 Wilamowitz
944 329 1068 371 nobis
1114 328 1246 370 alium
1291 327 1610 368 sententiarum
1648 325 1841 367 ordinem

71 399 288 441 meliorem
322 399 466 441 videri
497 411 623 451 posse
656 399 776 449 dicit,
822 410 913 440 cum
947 402 1047 449 post
1086 397 1221 438 verba
1265 394 1334 434 καὶ
1374 396 1498 447 μέχρι
1537 392 1660 435 τοῦδε
1700 391 1840 433 πολλὰ

69 473 143 522 τῆς
173 465 370 514 Ἑλλάδος
399 473 458 519 τῷ
490 465 663 519 παλαιῷ
696 466 845 520 τρόπῳ
879 467 1044 518 νέμεται
1088 488 1141 493 -
1185 462 1257 517 τὴν
1296 463 1424 516 ταύτῃ
1468 462 1647 518 ἤπειρον
1687 460 1840 503 Statim

70 537 211 578 verba
242 541 414 590 σημεῖον
445 532 575 575 δ’ἔστι
606 541 739 574 ταῦτα
770 539 842 588 τῆς
872 531 1068 581 Ἑλλάδος
1109 531 1171 572 ἔτι
1217 530 1325 571 οἱῖιω
1365 531 1572 583 νεμόμενα
1611 537 1693 570 τῶν
1733 543 1842 570 ποτε

72 603 138 643 καὶ
174 600 215 652 ἐς
245 604 411 651 πάντας
450 600 611 655 ὁμοίιον
645 601 934 656 διαιτημάτων
975 603 1360 653 subsequerentur,
1403 600 1559 641 deinde
1601 604 1745 641 autem
1789 599 1841 640 de

71 672 204 714 armis
241 671 380 723 gestis
412 670 637 723 digressio,
680 672 732 712 ad
772 683 900 722 quam
942 669 1103 722 optime
1146 670 1197 709 de
1241 668 1410 710 vestitu
1451 680 1658 709 excursus
1689 666 1840 708 statim

72 751 118 782 se
151 739 406 791 applicaret.
466 738 550 780 Sed
583 742 802 781 auctorem
835 751 910 779 nos
942 737 1066 790 sequi
1097 749 1202 788 opus
1233 742 1313 784 est,
1346 735 1415 777 cui
1447 741 1533 777 tam
1559 741 1656 777 arte
1687 736 1741 776 de
1773 748 1840 776 ar-

70 808 153 850 mis
194 807 333 861 gestis
376 807 589 859 digressio
632 808 684 848 ad
726 806 949 848 latrocinii
990 806 1033 847 111
1076 805 1218 846 media
1262 804 1448 846 Graecia
1489 803 1645 845 usitati
1687 815 1841 844 memo-

70 875 285 918 rationem
325 876 528 917 addenda
569 887 665 917 esse
708 875 955 926 videbatur,
997 877 1045 915 ut
1089 878 1332 915 ceterarum
1381 872 1696 913 sententiarum
1744 883 1840 912 con-

67 943 327 986 cinnitatem
360 943 535 996 neglegi
559 955 684 995 posse
707 942 995 984 existimaret.
1054 942 1105 983 In
1127 940 1299 992 Steupii
1323 946 1469 982 autem
1492 939 1689 992 singulas
1713 939 1840 980 huius

72 1012 154 1054 loci
188 1011 546 1064 reprehensiones
579 1011 786 1063 (Anhang
819 1023 856 1062 p.
888 1010 1061 1061 329sq.)
1104 1009 1294 1051 animum
1336 1009 1569 1049 advertere
1610 1020 1715 1059 opus
1758 1019 1839 1048 non

68 1085 150 1132 est,
191 1092 286 1121 eum
318 1080 489 1121 variam
521 1079 646 1121 verbi
681 1078 919 1132 ἠπειρώτης
950 1077 1326 1130 significationem,
1359 1088 1453 1117 cum
1477 1077 1597 1117 modo
1625 1077 1677 1116 de
1709 1075 1840 1116 homi-

70 1147 199 1190 nibus
233 1149 287 1190 ad
329 1160 447 1189 oram
490 1147 753 1189 maritimam
798 1146 1114 1198 habitantibus
1152 1158 1258 1197 quos
1301 1144 1413 1186 alias
1456 1143 1843 1197 παραθαλασσίους

71 1216 350 1270 Thucydides
382 1217 588 1268 appellat,
619 1217 742 1257 modo
775 1216 829 1256 de
860 1214 1106 1256 hominibus
1138 1214 1181 1255 in
1215 1213 1422 1254 interiore
1446 1212 1696 1253 continente
1719 1211 1841 1253 habi-

70 1284 272 1327 tantibus
304 1284 468 1326 dictum
501 1296 597 1325 esse
629 1283 751 1335 velit,
784 1287 827 1324 et
859 1283 983 1324 verbi
1011 1281 1181 1335 λῃστεία
1204 1279 1294 1320 κατ’
1316 1280 1491 1334 ἥπηρον
1514 1279 1842 1332 interpretatio-

70 1365 178 1405 nem,
211 1354 324 1404 quod
357 1354 410 1394 de
440 1352 670 1394 latrocinio
703 1351 921 1394 maritimo
960 1363 1014 1392 ex
1044 1351 1131 1393 oris
1162 1354 1287 1402 gesto
1319 1348 1517 1390 adhiberi
1560 1352 1701 1400 putat.
1747 1359 1841 1389 cum

70 1422 121 1464 E.
153 1422 195 1462 C.
228 1421 504 1463 Marchantio
535 1419 766 1467 (Classical
797 1420 979 1462 Review
1010 1419 1100 1460 XII
1131 1418 1277 1473 (1898)
1310 1431 1347 1469 p.
1380 1418 1462 1458 259
1474 1416 1508 1464 b)
1551 1429 1577 1458 a
1608 1416 1744 1468 primo
1777 1427 1842 1457 re-

70 1490 218 1532 futare
264 1490 511 1531 debeamus.
597 1489 708 1531 Item
757 1487 1016 1530 Schwartzii
1055 1486 1415 1539 reprehensiones
1457 1487 1556 1537 (1.1.
1598 1498 1635 1537 p.
1668 1484 1841 1536 aiosq.)

71 1558 331 1610 singillatim
364 1557 560 1599 refutare
592 1569 769 1599 necesse
800 1568 883 1598 non
916 1561 995 1607 est‚
1037 1567 1129 1597 cum
1165 1553 1386 1596 scribendi
1426 1553 1638 1595 rationem
1671 1552 1840 1605 Thucy-

70 1626 187 1668 didis
219 1625 437 1678 propriam
470 1638 551 1667 non
585 1625 850 1677 cognoverit.

186 1695 238 1735 In
269 1706 456 1736 excursu
489 1695 540 1735 de
567 1693 831 1736 Graecorum
864 1691 1033 1734 vestitu
1065 1691 1227 1743 scripto
1259 1691 1370 1732 duae
1394 1694 1495 1731 sunt
1528 1695 1689 1740 partes.
1751 1688 1843 1729 Pri-

71 1775 185 1804 mum
219 1761 512 1804 Athenienses
545 1762 706 1814 primos
740 1762 794 1802 ad
826 1760 1042 1802 luxuriam
1078 1771 1123 1801 se
1155 1758 1344 1800 vertisse
1369 1757 1646 1810 Thucydides
1678 1762 1843 1805 narrat,

73 1842 212 1882 neque
244 1831 381 1871 multo
414 1835 517 1872 ante
549 1842 673 1871 suam
707 1832 898 1870 aetatem
933 1827 1065 1869 etiam
1098 1827 1291 1869 seniores
1323 1825 1441 1867 viros
1472 1825 1600 1866 huius
1632 1824 1843 1866 luxuriosi

71 1898 252 1940 habitus
284 1899 411 1939 finem
442 1896 621 1949 fecisse;
670 1897 793 1939 addit
836 1896 968 1938 etiam
1002 1896 1135 1937 Jones
1178 1896 1255 1937 hoc
1289 1893 1456 1935 vestitu
1498 1905 1596 1935 usos
1629 1905 1735 1935 esse.
1768 1892 1844 1933 ubi

71 1972 190 2008 recte
235 1967 282 2007 A.
321 1966 513 2018 Philippi
558 1966 664 2007 Mus.
698 1965 834 2007 Rhen.
864 1964 1062 2006 XXXVI
1093 1964 1238 2017 (1881)
1272 1976 1309 2015 p.
1341 1962 1423 2004 :259
1447 1962 1582 2003 verba
1614 1960 1710 2008 τοὺς
1742 1974 1842 2013 πρε-

70 2036 296 2086 σβυτέρους
328 2034 505 2076 delevit.
568 2033 691 2087 Quae
723 2034 860 2074 verba
892 2045 985 2074 cum
1020 2031 1155 2084 Steup
1187 2032 1407 2072 servanda
1440 2035 1613 2071 censeat
1639 2037 1679 2070 et
1715 2029 1845 2081 dicat,

72 2103 220 2144 verbis
252 2102 398 2142 Ἰώνων
433 2103 557 2151 τοὺς
588 2103 1001 2154 πρεσβυτέρους
1032 2097 1101 2140 ἐπὶ
1145 2099 1254 2139 πολὺ
1298 2097 1402 2152 αὕτη
1445 2097 1464 2150 ἡ
1506 2097 1628 2150 σκευὴ
1670 2099 1845 2147 κατέσχε

72 2183 156 2212 11011
189 2170 421 2222 prohiberi,
453 2171 555 2222 quin
589 2171 723 2212 etiam
756 2170 946 2211 iuniores
977 2169 1134 2210 ι101111111
1168 2168 1254 2209 viri
1288 2168 1364 2208 hoc
1396 2166 1563 2208 vestitu
1586 2166 1653 2207 nsi
1685 2172 1845 2215 essent,

73 2251 169 2280 cuni
201 2239 310 2280 nihil
343 2239 463 2281 aliud
496 2240 547 2281 de
579 2239 765 2281 Jonibus
798 2238 919 2279 dicat
966 2241 1118 2278 auctor
1159 2241 1291 2287 atque
1335 2242 1467 2276 antea
1510 2236 1560 2275 de
1605 2233 1844 2275 Athenien-

75 2307 206 2351 sibus.
240 2307 431 2349 seniores
454 2307 570 2348 viros
602 2306 853 2357 longissime
885 2317 1042 2347 morem
1077 2310 1267 2346 veterem
1300 2303 1562 2345 servavisse.
1594 2309 1737 2343 tamen
1763 2313 1844 2342 non

75 2375 337 2417 conveniunt
391 2375 490 2417 huic
531 2374 701 2427 Steupii
743 2373 1101 2426 interpretationi
1152 2374 1288 2414 verba
1330 2369 1406 2426 ἀφ’
1449 2366 1507 2413 01⁴7.
1550 2383 1688 2421 noque
1732 2369 1843 2411 enim

74 2443 353 2496 Thucydides
387 2443 529 2484 dicere
564 2447 719 2494 potest,
751 2442 944 2484 seniores
977 2442 1135 2482 Jonuin
1170 2442 1281 2482 hunc
1305 2452 1461 2481 morem
1495 2445 1723 2490 propterea
1756 2450 1845 2478 ser-

75 2511 263 2560 vavisse
296 2513 407 2562 quod
440 2511 573 2553 etiam
606 2510 799 2552 seniores
833 2509 1163 2552 Atheniensium
1199 2509 1272 2550 11111
1305 2510 1486 2549 eundem
1520 2519 1677 2547 morem
1712 2506 1846 2546 habu-

76 2579 233 2621 issent:
265 2581 340 2621 sed
372 2580 517 2631 potius
550 2580 656 2620 haec
688 2579 804 2620 inest
836 2578 1081 2619 sententia:
1116 2590 1194 2626 „ex
1220 2576 1550 2617 Atheniensium
1575 2586 1689 2615 more
1713 2574 1845 2615 etium

75 2660 233 2699 magna
267 2660 369 2699 pars
401 2647 558 2689 Jonum
594 2644 681 2693 (ἐπὶ
716 2645 827 2686 πολὺ
863 2646 1020 2690 Ἰώνων)
1064 2646 1140 2686 hoc
1184 2657 1296 2686 more
1340 2644 1617 2685 utebantur-⁶.
1678 2641 1846 2682 Deinde

77 2715 255 2767 exponit
287 2716 341 2756 ab
375 2716 517 2757 altera
549 2719 676 2768 parte
699 2709 784 2765 (αὖ)
807 2713 1175 2756 Lacedaemonios
1208 2712 1367 2763 primos
1391 2711 1627 2762 simplicem
1651 2722 1731 2760 quo
1764 2721 1847 2750 non

79 2796 103 2825 a
144 2795 336 2835 paupere
379 2783 503 2825 dives
545 2783 834 2824 differebatur
882 2782 1093 2823 vestitum
1141 2780 1356 2821 hahuisse.
1428 2778 1509 2819 Hi(-
1551 2777 1670 2819 addit
1717 2777 1846 2817 aliam

78 2851 208 2892 moris
231 2851 568 2893 Lacedaemonii
590 2850 961 2892 memorationem:
994 2861 1065 2891 eos
1098 2849 1256 2900 primos
1289 2849 1424 2888 nudos
1446 2860 1490 2887 se
1514 2845 1772 2887 exercuisse.
1804 2844 1847 2885 id

79 2920 190 2970 quod
224 2918 378 2960 iterum
413 2931 461 2961 eo
508 2919 767 2971 explicatur,
811 2919 921 2969 quod
964 2918 1153 2959 Graecos
1194 2929 1340 2957 onmes
1383 2914 1539 2965 priscis
1580 2913 1848 2965 temporibus

80 2991 210 3038 atque
252 2987 384 3028 etiam
431 2988 559 3039 paulo
592 2991 694 3028 ante
729 2985 997 3039 Thucydidis
1030 2991 1220 3026 aetatem
1256 2984 1298 3024 in
1332 2983 1446 3023 ludis
1479 2981 1716 3033 Olympii-is
1749 2981 1850 3021 sul)-

80 3054 282 3101 ligaculis
330 3067 429 3096 usos
461 3067 555 3096 esse
589 3060 817 3103 narratum
864 3065 987 3105 quem
1037 3053 1400 3101 subligaculoruin
1436 3063 1556 3091 nsum
1599 3049 1730 3091 etiam
1773 3061 1849 3090 suo
