2061 3337
838 147 1120 189 -31-

204 260 255 302 In
289 259 449 312 capitis
493 259 599 300 VIII
648 259 925 311 paragrapho
970 260 989 299 1
1039 259 1146 300 haec
1191 262 1509 300 memorantur:
1550 257 1733 310 primum
1777 270 1866 299 non·

89 328 233 370 minus
273 328 515 370 insularum
556 327 723 368 incolas
755 326 887 368 Cares
929 330 974 368 et
1011 326 1249 367 Phoenices
1291 325 1462 377 piratas
1504 325 1662 377 fuisse;
1704 325 1860 367 deinde

89 396 171 438 has
203 399 359 448 gentes
392 396 623 448 plerasque
655 393 822 436 insulas
862 393 1109 445 incoluisse,
1149 393 1189 435 id
1235 394 1345 445 quod
1389 393 1725 446 explicationem
1767 404 1861 435 esse

91 464 340 507 sententiae
363 462 667 506 antecedentis
689 461 907 514 particula
932 462 1010 515 γάρ
1036 462 1181 513 docet3
1214 462 1400 513 denique
1427 466 1728 514 argumentum
1752 461 1859 503 illud

93 532 388 584 sepulcrorum
436 530 683 572 Caricorum
726 529 769 570 in
813 529 955 571 insula
1001 529 1110 571 Delo
1156 534 1424 581 repertorum
1459 530 1650 571 affertur.
1724 530 1860 570 Recte

90 599 317 642 Schwartz
349 600 376 641 l.
407 600 431 640 l.
464 611 502 650 p.
534 598 617 640 210
650 602 694 639 et
728 596 863 649 Steup
897 598 1087 650 Anhang
1117 610 1155 649 p.
1187 598 1270 639 330
1300 597 1417 640 inter
1447 599 1526 639 lias
1550 598 1794 639 sententias
1816 599 1860 638 et

91 673 225 720 caput
259 667 345 708 VlI
377 678 581 708 conexum
626 667 778 707 deesse
821 665 982 717 dicunt,
1027 678 1120 707 cum
1154 666 1347 717 ineptum
1382 665 1438 706 sit
1481 670 1712 714 auctorem,
1745 669 1860 717 post—

90 748 217 788 quam
250 736 378 787 paulo
411 738 515 777 ante
547 735 600 775 de
630 733 802 785 oppidis
845 737 890 775 et
920 733 966 774 in
999 733 1249 774 continente
1291 738 1335 774 et
1378 733 1420 774 in
1463 733 1618 774 insulis
1665 734 1764 774 sitis
1797 730 1863 778 (αἵ

89 817 136 843 τε
165 800 210 843 ἐν
240 809 336 851 ταῖς
368 803 510 857 νήσοις
530 800 602 841 καὶ
624 798 668 841 ἒν
696 807 792 850 ταῖς
814 799 1027 855 ἠπείροις)
1050 802 1219 843 locutus
1242 801 1311 846 sit,
1343 801 1492 842 verbis
1523 800 1591 841 καὶ
1626 800 1701 852 οὐχ
1734 797 1861 855 ἧσσον

89 871 237 926 λῃσταὶ
270 866 372 924 ἦσαν
403 868 444 910 οἱ
475 876 677 925 νησιῶται
722 871 774 911 de
814 869 1056 911 insularum
1099 869 1252 910 incolis
1294 870 1424 921 loqui,
1465 869 1592 921 quasi
1635 873 1764 911 antea
1806 870 1859 911 de

89 939 342 982 continente
373 942 545 981 tantum
567 940 739 980 locutus
762 938 832 979 sit.
892 937 1051 989 Itaque
1083 950 1179 979 cum
1201 939 1309 979 haec
1331 938 1468 979 verba
1491 950 1583 979 cum
1607 937 1751 989 capite
1779 936 1859 978 VII

90 1021 172 1050 non
204 1008 290 1050 iam
332 1009 605 1059 cohaereant,
650 1006 940 1047 Wilamowitz
983 1006 1090 1047 haec
1131 1007 1267 1047 verba
1305 1007 1567 1058 respondere
1609 1005 1757 1047 verbis
1789 1018 1858 1048 ca-

87 1076 194 1129 pitis
226 1076 275 1128 V,
307 1076 332 1117 3
364 1072 564 1128 ἐλῄζοντο
599 1073 643 1114 δὲ
675 1073 746 1113 καὶ
768 1073 858 1113 καῖ’
884 1073 1061 1128 ἤπειρον
1093 1072 1308 1128 ἀλλήλους,
1343 1086 1569 1115 excursum
1607 1075 1657 1115 de
1692 1074 1860 1115 vestitu

90 1144 256 1187 Graeco
289 1143 499 1195 scriptum
533 1147 676 1185 autem
711 1143 765 1184 ab
798 1143 965 1183 editore
998 1142 1114 1183 inter
1147 1144 1224 1183 lias
1255 1142 1499 1183 sententias
1546 1143 1859 1194 respondentes

88 1212 385 1254 intermissum
420 1223 514 1253 esse
546 1210 728 1262 censuit,
761 1214 810 1252 ut
841 1211 902 1252 sic
935 1211 1052 1262 prior
1082 1210 1241 1252 fuisset
1265 1211 1582 1252 sententiarum
1616 1212 1738 1251 ordo:
1771 1209 1858 1263 ἐλῄ-

91 1279 214 1331 ζοντο
248 1278 293 1320 δὲ
323 1278 392 1319 καὶ
426 1278 518 1319 κατ’
552 1278 727 1333 ἤπειρον
758 1277 964 1332 ἀλλήλους
997 1304 1042 1307 -
1081 1285 1166 1317 τῶν
1197 1292 1305 1318 ποτε
1337 1278 1407 1317 καὶ.
1429 1277 1471 1326 ἐς
1503 1279 1668 1326 πάντας
1699 1275 1860 1328 ὁμοίιον

91 1347 390 1404 διαιτημάτων.
452 1346 523 1387 καὶ
569 1346 644 1398 οὔχ
689 1344 815 1402 ἧσσον
846 1345 994 1400 λῃσταὶ
1029 1342 1133 1399 ἦσαν
1166 1345 1205 1386 οἱ
1241 1353 1443 1401 νησιῶται
1475 1345 1561 1385 κτλ.
1632 1346 1716 1388 Sed
1760 1346 1859 1388 huic

88 1416 458 1469 interpretationi.
490 1416 612 1457 cuius
644 1415 826 1457 similem
870 1415 1053 1467 protulit
1086 1414 1220 1467 Steup
1253 1415 1443 1467 Anhang
1475 1428 1512 1466 p.
1544 1416 1626 1456 329
1640 1427 1711 1466 sq..
1753 1416 1860 1456 haec

89 1486 238 1527 obstat
268 1485 459 1534 offensio,
490 1497 618 1536 quam
651 1483 737 1524 iam
770 1483 881 1525 dixit
916 1483 1138 1525 Schwartz
1171 1484 1196 1526 l.
1219 1484 1242 1524 l.
1270 1496 1309 1535 p.
1341 1484 1434 1533 210,
1467 1483 1534 1524 cui
1567 1487 1608 1523 et
1642 1483 1726 1534 ipsi
1752 1483 1859 1524 haec

89 1553 400 1605 interpretatio
423 1552 466 1593 in
489 1559 677 1594 mentem
701 1552 876 1593 venisse
899 1551 1095 1593 videtur:
1127 1551 1349 1603 particula
1371 1549 1413 1590 δὲ
1448 1553 1519 1590 καί
1542 1551 1809 1602 paragraphi
1834 1552 1859 1591 3

88 1621 248 1674 capitis
279 1621 318 1661 V
351 1621 627 1672 apertissime
671 1620 972 1670 demonstrari,
1013 1619 1365 1661 memorationem
1408 1619 1650 1671 piratarum
1691 1619 1858 1660 mariti-

88 1702 251 1732 morum
292 1690 556 1742 praecedere
599 1700 739 1739 neque
780 1688 901 1739 sequi
945 1700 1082 1740 posse.
1152 1688 1208 1729 Et
1252 1700 1298 1729 re
1340 1700 1445 1729 vera
1490 1689 1599 1729 lianc
1642 1688 1858 1728 latronum

89 1758 366 1799 terrestrium
408 1757 855 1799 commemorationem
904 1758 1166 1808 respondere
1208 1756 1397 1797 vidimus
1441 1756 1566 1797 initio
1609 1755 1768 1807 capitis
1810 1756 1859 1806 V,

89 1838 171 1878 quo
204 1827 255 1867 de
288 1825 478 1877 piratica
511 1825 671 1876 agitur.
742 1824 884 1876 Caput
914 1824 1036 1868 VIII.
1072 1826 1089 1864 1
1127 1830 1272 1865 autem
1306 1825 1497 1876 postulat
1544 1823 1857 1875 expositionem

89 1895 432 1944 antecedentem.
465 1905 552 1945 qua
584 1894 635 1934 de
667 1892 911 1935 latronibus
943 1894 1232 1934 terrestribus
1276 1894 1345 1934 vel
1391 1894 1441 1934 de
1484 1892 1643 1944 piratis
1685 1892 1727 1933 in
1771 1891 1858 1933 oris

88 1961 396 2004 habitantibus
439 1967 582 2003 actum
625 1960 704 2012 sit;
756 1973 866 2012 quae
909 1973 1001 2002 cum
1050 1960 1174 2002 desit.
1223 1962 1333 2002 lianc
1375 1960 1536 2011 capitis
1582 1960 1688 2001 VIII
1732 1972 1859 2011 para-

89 2031 301 2083 graphum
335 2031 356 2070 1
392 2030 684 2081 fragmentum
732 2040 827 2070 esse
868 2028 1162 2070 concludimus
1205 2029 1413 2070 eiusmodi
1456 2030 1606 2070 harum
1647 2027 1859 2070 sententi-

89 2110 210 2140 arum
244 2098 555 2140 exstructionis
587 2098 756 2150 prioris,
789 2110 873 2148 qua
907 2097 1144 2138 incolarum
1168 2097 1432 2138 continentis
1466 2103 1509 2138 et
1541 2109 1711 2138 orarum
1744 2097 1856 2148 pira-

91 2166 178 2208 tica
225 2166 454 2218 piraticam
504 2166 743 2208 insularum
786 2165 1024 2207 incolarum
1067 2171 1379 2217 praecesserat.
1443 2165 1532 2206 Hoc
1565 2166 1857 2216 fragmentum

90 2238 323 2287 propterea
354 2239 576 2276 servatum
611 2240 678 2275 est
711 2248 733 2275 a
758 2234 1023 2287 Thucydide.
1056 2234 1167 2285 quod
1191 2246 1261 2275 eos
1295 2234 1498 2275 homines.
1531 2233 1603 2283 qui
1638 2232 1764 2273 initio
1789 2245 1859 2274 ca-

91 2302 198 2355 pitis
232 2302 266 2342 V
297 2302 443 2344 verbis
478 2300 569 2342 ὅσοι
604 2303 752 2356 νήσους
793 2297 908 2352 εἶχον
949 2302 1165 2351 dicuntur.
1209 2302 1458 2343 accuratius
1500 2301 1669 2342 nomine
1694 2304 1857 2349 ¹t'arum

91 2375 136 2413 et
170 2371 428 2413 Phoenicum
462 2371 683 2422 significat
715 2376 759 2412 et
792 2375 1023 2421 praeterea
1047 2376 1349 2422 argumentum
1382 2369 1538 2421 prioris
1571 2369 1686 2410 sedis
1711 2370 1857 2410 lioruni

91 2439 373 2481 barbarorum
406 2442 496 2481 tum
531 2439 738 2490 temporis
769 2451 852 2480 non
880 2438 962 2480 iam
997 2438 1056 2479 ibi
1080 2438 1377 2479 habitantium
1403 2438 1541 2479 affert.
1603 2437 1757 2488 Itaque
1783 2437 1857 2478 hoc

91 2507 359 2558 adscriptum
393 2506 528 2549 fuisse
563 2506 764 2548 existimo
807 2506 966 2558 capitis
1002 2507 1034 2546 V
1078 2506 1216 2548 initio.
1256 2506 1309 2547 ab
1353 2506 1519 2547 editore
1562 2510 1720 2556 autem,
1763 2517 1856 2545 cuni

91 2576 278 2617 nondum
311 2575 516 2617 innexum
549 2580 678 2626 esset,
715 2575 758 2616 in
791 2574 951 2626 capitis
986 2574 1093 2615 VIII
1127 2574 1252 2615 initio
1286 2579 1381 2625 post
1415 2573 1574 2625 capitis
1608 2573 1692 2613 VII
1727 2574 1856 2613 adno-

91 2643 302 2684 tationem
335 2643 531 2684 additum
564 2655 670 2685 esse.

205 2711 482 2764 Thucydides
513 2715 741 2763 postquam
774 2711 876 2752 inde
910 2724 933 2752 a
957 2710 1102 2762 capite
1134 2710 1195 2751 [v
1239 2722 1373 2762 usque
1416 2711 1468 2751 ad
1504 2709 1622 2752 VIII.
1654 2709 1679 2749 3
1722 2710 1859 2750 verba

90 2778 285 2832 θαλάσσῃ
319 2778 393 2833 ἤδη
428 2778 563 2818 πλείω
593 2781 805 2832 χρώμενοι
827 2779 999 2830 longius
1031 2778 1282 2830 explicavit«.
1316 2778 1359 2819 in
1383 2778 1467 2819 fine
1490 2777 1649 2829 capitis
1673 2777 1781 2818 VIII
1805 2778 1859 2818 ad

90 2846 210 2888 illam
228 2847 388 2899 capitis
407 2847 486 2899 III,
504 2848 530 2888 ἶ)
547 2847 809 2889 sententiam
835 2847 961 2897 redit,
992 2846 1114 2887 cuius
1138 2843 1414 2900 ἐπανάλῃψις
1441 2852 1542 2886 sunt
1567 2846 1701 2886 verba
1725 2844 1792 2884 καὶ
1817 2842 1861 2884 ἐν

91 2915 225 2968 τούτῳ
243 2922 302 2968 τῷ
320 2915 469 2969 τρόπῳ
487 2914 649 2967 μᾶλλον
678 2914 750 2969 ἤδη
782 2913 899 2962 ὄντες
928 2914 1102 2967 ὕστερον
1128 2913 1267 2967 χρόνῳ
1292 2913 1364 2953 ἐπὶ
1396 2915 1548 2965 Τροίαν
1569 2910 1860 2966 ἑστράιιισαν.

91 2982 242 3034 Neque
273 2995 376 3025 vero
408 2984 558 3025 statim
593 2985 647 3025 ad
680 2984 818 3035 ipsum
855 2984 1010 3024 belluni
1047 2982 1245 3023 'l‘roicuin
1279 2983 1555 3022 tractandinn
1583 2981 1758 3023 transit.
1785 2981 1860 3021 sed

93 3053 225 3092 antea
246 3058 453 3093 memorat
477 3052 647 3093 illustre
666 3057 706 3092 et
732 3063 868 3102 grave
890 3051 1145 3102 exemplum,
1167 3062 1250 3101 quo
1269 3051 1403 3091 verba
1421 3047 1464 3088 ἐν
1487 3050 1619 3102 meh-131
1640 3055 1693 3100 up
1712 3047 1861 3100 τρόπῳ
